<?xml version="1.0" encoding="UTF-8"?>
<!DOCTYPE html PUBLIC "-//W3C//DTD XHTML 1.0 Transitional//EN"
    "http://www.w3.org/TR/xhtml1/DTD/xhtml1-transitional.dtd">
<html xmlns="http://www.w3.org/1999/xhtml" xml:lang="en" lang="en">
 <head>
  <title>
</title>
<meta http-equiv="Content-Type" content="text/html;charset=utf-8" />
  <meta name='ocr-system' content='tesseract 3.04.00' />
  <meta name='ocr-capabilities' content='ocr_page ocr_carea ocr_par ocr_line ocrx_word'/>
</head>
<body>
  <div class='ocr_page' id='page_1' title='image "./observationesgr00heusgoog_0025.png"; bbox 0 0 2912 5168; ppageno 0'>
   <div class='ocr_carea' id='block_1_1' title="bbox 732 425 944 496">
    <p class='ocr_par' dir='ltr' id='par_1_1' title="bbox 732 425 944 496">
     <span class='ocr_line' id='line_1_1' title="bbox 732 425 944 496; baseline 0 -18"><span class='ocrx_word' id='word_1_1' title='bbox 732 425 944 496; x_wconf 79' lang='lat'>-20..</span> 
     </span>
    </p>
   </div>
   <div class='ocr_carea' id='block_1_2' title="bbox 266 596 1438 2930">
    <p class='ocr_par' dir='ltr' id='par_1_2' title="bbox 266 596 1438 2712">
     <span class='ocr_line' id='line_1_2' title="bbox 273 596 1418 686; baseline -0.007 -18"><span class='ocrx_word' id='word_1_2' title='bbox 273 599 407 682; x_wconf 78' lang='lat' dir='ltr'><strong>tutum),</strong></span> <span class='ocrx_word' id='word_1_3' title='bbox 440 605 526 683; x_wconf 83' lang='lat'>95‚6</span> <span class='ocrx_word' id='word_1_4' title='bbox 556 603 803 684; x_wconf 71' lang='lat' dir='ltr'><strong>pervolarat</strong></span> <span class='ocrx_word' id='word_1_5' title='bbox 838 597 937 686; x_wconf 83' lang='lat' dir='ltr'><strong>(codd.</strong></span> <span class='ocrx_word' id='word_1_6' title='bbox 967 596 1147 685; x_wconf 73' lang='lat' dir='ltr'><strong>pervoluit).</strong></span> <span class='ocrx_word' id='word_1_7' title='bbox 1203 598 1302 664; x_wconf 90' lang='lat' dir='ltr'><strong>Illius</strong></span> <span class='ocrx_word' id='word_1_8' title='bbox 1341 598 1418 662; x_wconf 83' lang='lat' dir='ltr'><strong>verbi</strong></span> 
     </span>
     <span class='ocr_line' id='line_1_3' title="bbox 273 710 1419 798; baseline -0.005 -19"><span class='ocrx_word' id='word_1_9' title='bbox 273 715 386 781; x_wconf 83' lang='lat' dir='ltr'><strong>formas</strong></span> <span class='ocrx_word' id='word_1_10' title='bbox 421 717 524 781; x_wconf 88' lang='lat' dir='ltr'><strong>eodem</strong></span> <span class='ocrx_word' id='word_1_11' title='bbox 557 715 645 780; x_wconf 89' lang='lat' dir='ltr'><strong>modo</strong></span> <span class='ocrx_word' id='word_1_12' title='bbox 678 733 747 778; x_wconf 86' lang='lat' dir='ltr'><strong>eum</strong></span> <span class='ocrx_word' id='word_1_13' title='bbox 770 735 790 776; x_wconf 82' lang='lat' dir='ltr'><strong>a</strong></span> <span class='ocrx_word' id='word_1_14' title='bbox 820 713 917 778; x_wconf 84' lang='lat' dir='ltr'><strong>vocali</strong></span> <span class='ocrx_word' id='word_1_15' title='bbox 951 717 1111 798; x_wconf 87' lang='lat' dir='ltr'><strong>usurpatas</strong></span> <span class='ocrx_word' id='word_1_16' title='bbox 1144 711 1226 796; x_wconf 87' lang='lat' dir='ltr'><strong>apud</strong></span> <span class='ocrx_word' id='word_1_17' title='bbox 1255 710 1419 776; x_wconf 76' lang='lat' dir='ltr'>Tibullum</span> 
     </span>
     <span class='ocr_line' id='line_1_4' title="bbox 273 825 1420 913; baseline -0.004 -19"><span class='ocrx_word' id='word_1_18' title='bbox 273 830 442 912; x_wconf 77' lang='lat' dir='ltr'><strong>complures</strong></span> <span class='ocrx_word' id='word_1_19' title='bbox 463 827 639 911; x_wconf 84' lang='lat' dir='ltr'><strong>reperimus,</strong></span> <span class='ocrx_word' id='word_1_20' title='bbox 661 825 751 891; x_wconf 85' lang='lat' dir='ltr'><strong>hrrius</strong></span> <span class='ocrx_word' id='word_1_21' title='bbox 774 827 944 910; x_wconf 83' lang='lat' dir='ltr'><strong>exemplum</strong></span> <span class='ocrx_word' id='word_1_22' title='bbox 967 829 1051 894; x_wconf 84' lang='lat' dir='ltr'><strong>extat</strong></span> <span class='ocrx_word' id='word_1_23' title='bbox 1072 827 1154 913; x_wconf 88' lang='lat' dir='ltr'><strong>apud</strong></span> <span class='ocrx_word' id='word_1_24' title='bbox 1174 828 1266 909; x_wconf 89' lang='lat' dir='ltr'><strong>Prop.</strong></span> <span class='ocrx_word' id='word_1_25' title='bbox 1294 826 1314 890; x_wconf 95' lang='lat' dir='ltr'>I</span> <span class='ocrx_word' id='word_1_26' title='bbox 1342 827 1375 904; x_wconf 82' lang='lat'><strong>7,</strong></span> <span class='ocrx_word' id='word_1_27' title='bbox 1393 827 1420 889; x_wconf 89' lang='grc'><strong>16</strong></span> 
     </span>
     <span class='ocr_line' id='line_1_5' title="bbox 266 938 1299 1026; baseline -0.005 -21"><span class='ocrx_word' id='word_1_28' title='bbox 266 939 326 1026; x_wconf 65' lang='lat' dir='ltr'><strong>(es.</strong></span> <span class='ocrx_word' id='word_1_29' title='bbox 350 939 491 1006; x_wconf 78' lang='lat' dir='ltr'><strong>Struvim</strong></span> <span class='ocrx_word' id='word_1_30' title='bbox 513 938 550 1006; x_wconf 85' lang='lat' dir='ltr'><strong>de</strong></span> <span class='ocrx_word' id='word_1_31' title='bbox 571 938 679 1004; x_wconf 85' lang='lat' dir='ltr'><strong>deeliu.</strong></span> <span class='ocrx_word' id='word_1_32' title='bbox 703 938 735 1002; x_wconf 90' lang='lat' dir='ltr'><strong>et</strong></span> <span class='ocrx_word' id='word_1_33' title='bbox 757 938 876 1022; x_wconf 78' lang='lat' dir='ltr'><strong>eontug.</strong></span> <span class='ocrx_word' id='word_1_34' title='bbox 899 939 967 1005; x_wconf 82' lang='lat' dir='ltr'><strong>Lat.</strong></span> <span class='ocrx_word' id='word_1_35' title='bbox 990 959 1042 1024; x_wconf 85' lang='lat' dir='ltr'><strong>pg.</strong></span> <span class='ocrx_word' id='word_1_36' title='bbox 1065 941 1130 1008; x_wconf 88' lang='grc'><strong>300</strong></span> <span class='ocrx_word' id='word_1_37' title='bbox 1151 941 1184 1006; x_wconf 83' lang='grc'><strong>66</strong></span> <span class='ocrx_word' id='word_1_38' title='bbox 1205 939 1299 1022; x_wconf 82' lang='grc'>321).</span> 
     </span>
     <span class='ocr_line' id='line_1_6' title="bbox 267 1049 1423 1133; baseline -0.003 -17"><span class='ocrx_word' id='word_1_39' title='bbox 267 1082 272 1090; x_wconf 93' lang='grc'>·</span> <span class='ocrx_word' id='word_1_40' title='bbox 358 1052 424 1117; x_wconf 89' lang='lat' dir='ltr'><strong>Duo</strong></span> <span class='ocrx_word' id='word_1_41' title='bbox 453 1051 523 1118; x_wconf 87' lang='lat' dir='ltr'><strong>inde</strong></span> <span class='ocrx_word' id='word_1_42' title='bbox 552 1051 699 1116; x_wconf 88' lang='lat' dir='ltr'><strong>habemus</strong></span> <span class='ocrx_word' id='word_1_43' title='bbox 728 1049 760 1114; x_wconf 88' lang='lat' dir='ltr'><strong>in</strong></span> <span class='ocrx_word' id='word_1_44' title='bbox 783 1049 898 1115; x_wconf 81' lang='lat' dir='ltr'><strong>Catulli</strong></span> <span class='ocrx_word' id='word_1_45' title='bbox 920 1051 1107 1118; x_wconf 83' lang='lat' dir='ltr'><strong>camninibus</strong></span> <span class='ocrx_word' id='word_1_46' title='bbox 1129 1050 1239 1129; x_wconf 85' lang='lat' dir='ltr'><strong>verba,</strong></span> <span class='ocrx_word' id='word_1_47' title='bbox 1262 1069 1354 1132; x_wconf 87' lang='lat' dir='ltr'><strong>quae</strong></span> <span class='ocrx_word' id='word_1_48' title='bbox 1379 1069 1423 1133; x_wconf 81' lang='lat' dir='ltr'><strong>per</strong></span> 
     </span>
     <span class='ocr_line' id='line_1_7' title="bbox 271 1159 1436 1248; baseline -0.004 -18"><span class='ocrx_word' id='word_1_49' title='bbox 271 1165 505 1248; x_wconf 83' lang='lat' dir='ltr'><strong>metaplasmum</strong></span> <span class='ocrx_word' id='word_1_50' title='bbox 528 1162 638 1230; x_wconf 85' lang='lat' dir='ltr'><strong>tertiae</strong></span> <span class='ocrx_word' id='word_1_51' title='bbox 651 1161 798 1228; x_wconf 87' lang='lat' dir='ltr'><strong>aooedunt</strong></span> <span class='ocrx_word' id='word_1_52' title='bbox 812 1161 1034 1246; x_wconf 85' lang='lat' dir='ltr'><strong>oouiugatioui:</strong></span> <span class='ocrx_word' id='word_1_53' title='bbox 1057 1163 1166 1242; x_wconf 87' lang='grc'>39,14</span> <span class='ocrx_word' id='word_1_54' title='bbox 1188 1159 1321 1240; x_wconf 67' lang='lat' dir='ltr'><strong>trivit,</strong></span> <span class='ocrx_word' id='word_1_55' title='bbox 1348 1163 1436 1246; x_wconf 44' lang='lat' dir='ltr'><strong>quot¹</strong></span> 
     </span>
     <span class='ocr_line' id='line_1_8' title="bbox 269 1265 1436 1358; baseline -0.002 -20"><span class='ocrx_word' id='word_1_56' title='bbox 269 1273 371 1340; x_wconf 83' lang='lat' dir='ltr'><strong>Priso.</strong></span> <span class='ocrx_word' id='word_1_57' title='bbox 394 1275 440 1339; x_wconf 90' lang='lat' dir='ltr'><strong>IX</strong></span> <span class='ocrx_word' id='word_1_58' title='bbox 470 1277 500 1353; x_wconf 92' lang='grc'><strong>6,</strong></span> <span class='ocrx_word' id='word_1_59' title='bbox 518 1274 560 1339; x_wconf 84' lang='grc'><strong>34</strong></span> <span class='ocrx_word' id='word_1_60' title='bbox 589 1273 710 1338; x_wconf 88' lang='lat' dir='ltr'><strong>auetore</strong></span> <span class='ocrx_word' id='word_1_61' title='bbox 746 1272 865 1355; x_wconf 85' lang='lat' dir='ltr'><strong>antIqui</strong></span> <span class='ocrx_word' id='word_1_62' title='bbox 898 1276 1008 1342; x_wconf 85' lang='lat' dir='ltr'><strong>tertiae</strong></span> <span class='ocrx_word' id='word_1_63' title='bbox 1041 1285 1157 1358; x_wconf 86' lang='lat' dir='ltr'><strong>quoque</strong></span> <span class='ocrx_word' id='word_1_64' title='bbox 1190 1265 1436 1358; x_wconf 58' lang='lat' dir='ltr'><strong>coniugationis&#39;</strong></span> 
     </span>
     <span class='ocr_line' id='line_1_9' title="bbox 273 1385 1423 1472; baseline -0.002 -21"><span class='ocrx_word' id='word_1_65' title='bbox 273 1386 472 1452; x_wconf 79' lang='lat' dir='ltr'><strong>declinatione</strong></span> <span class='ocrx_word' id='word_1_66' title='bbox 493 1385 665 1469; x_wconf 81' lang='lat' dir='ltr'><strong>proferunt,</strong></span> <span class='ocrx_word' id='word_1_67' title='bbox 694 1385 745 1463; x_wconf 84' lang='lat'><strong>64,</strong></span> <span class='ocrx_word' id='word_1_68' title='bbox 758 1387 823 1452; x_wconf 78' lang='lat'><strong>402</strong></span> <span class='ocrx_word' id='word_1_69' title='bbox 842 1397 1059 1469; x_wconf 77' lang='lat' dir='ltr'><strong>poteretur</strong></span> <span class='ocrx_word' id='word_1_70' title='bbox 1080 1407 1135 1472; x_wconf 91' lang='lat' dir='ltr'><strong>pro</strong></span> <span class='ocrx_word' id='word_1_71' title='bbox 1154 1390 1316 1470; x_wconf 72' lang='lat' dir='ltr'><strong>potiretur</strong></span> <span class='ocrx_word' id='word_1_72' title='bbox 1341 1385 1423 1452; x_wconf 85' lang='lat' dir='ltr'><strong>eodi-</strong></span> 
     </span>
     <span class='ocr_line' id='line_1_10' title="bbox 272 1495 1422 1585; baseline 0.002 -25"><span class='ocrx_word' id='word_1_73' title='bbox 272 1515 341 1562; x_wconf 88' lang='lat' dir='ltr'><strong>oum</strong></span> <span class='ocrx_word' id='word_1_74' title='bbox 363 1497 456 1562; x_wconf 89' lang='lat' dir='ltr'><strong>metri</strong></span> <span class='ocrx_word' id='word_1_75' title='bbox 478 1513 569 1562; x_wconf 86' lang='lat' dir='ltr'><strong>eausa</strong></span> <span class='ocrx_word' id='word_1_76' title='bbox 591 1495 792 1562; x_wconf 81' lang='lat' dir='ltr'><strong>scribendum.</strong></span> <span class='ocrx_word' id='word_1_77' title='bbox 831 1500 950 1580; x_wconf 80' lang='lat' dir='ltr'><strong>Teor,</strong></span> <span class='ocrx_word' id='word_1_78' title='bbox 972 1502 1052 1585; x_wconf 84' lang='lat' dir='ltr'><strong>quod</strong></span> <span class='ocrx_word' id='word_1_79' title='bbox 1074 1503 1156 1580; x_wconf 84' lang='lat'>20,5</span> <span class='ocrx_word' id='word_1_80' title='bbox 1178 1499 1329 1583; x_wconf 83' lang='lat' dir='ltr'><strong>legimus,</strong></span> <span class='ocrx_word' id='word_1_81' title='bbox 1357 1519 1422 1562; x_wconf 89' lang='lat' dir='ltr'><strong>eum</strong></span> 
     </span>
     <span class='ocr_line' id='line_1_11' title="bbox 271 1609 1422 1692; baseline 0.002 -19"><span class='ocrx_word' id='word_1_82' title='bbox 271 1627 394 1674; x_wconf 88' lang='lat' dir='ltr'><strong>earmen</strong></span> <span class='ocrx_word' id='word_1_83' title='bbox 420 1609 498 1674; x_wconf 85' lang='lat' dir='ltr'><strong>illud</strong></span> <span class='ocrx_word' id='word_1_84' title='bbox 521 1609 641 1676; x_wconf 78' lang='lat' dir='ltr'><strong>Catullo</strong></span> <span class='ocrx_word' id='word_1_85' title='bbox 670 1628 730 1674; x_wconf 91' lang='lat' dir='ltr'><strong>non</strong></span> <span class='ocrx_word' id='word_1_86' title='bbox 752 1609 795 1674; x_wconf 89' lang='lat' dir='ltr'><strong>sit</strong></span> <span class='ocrx_word' id='word_1_87' title='bbox 816 1611 1021 1692; x_wconf 86' lang='lat' dir='ltr'><strong>tribuendum,</strong></span> <span class='ocrx_word' id='word_1_88' title='bbox 1046 1611 1254 1680; x_wconf 80' lang='lat' dir='ltr'><strong>Catullianum</strong></span> <span class='ocrx_word' id='word_1_89' title='bbox 1276 1631 1345 1676; x_wconf 89' lang='lat' dir='ltr'><strong>non</strong></span> <span class='ocrx_word' id='word_1_90' title='bbox 1371 1617 1422 1676; x_wconf 87' lang='lat' dir='ltr'><strong>est.</strong></span> 
     </span>
     <span class='ocr_line' id='line_1_12' title="bbox 271 1721 1422 1808; baseline 0.007 -28"><span class='ocrx_word' id='word_1_91' title='bbox 271 1721 381 1788; x_wconf 86' lang='lat' dir='ltr'><strong>Utitur</strong></span> <span class='ocrx_word' id='word_1_92' title='bbox 413 1742 484 1788; x_wconf 81' lang='lat' dir='ltr'><strong>vero</strong></span> <span class='ocrx_word' id='word_1_93' title='bbox 516 1726 638 1808; x_wconf 86' lang='lat' dir='ltr'><strong>praeter</strong></span> <span class='ocrx_word' id='word_1_94' title='bbox 670 1725 857 1808; x_wconf 77' lang='lat' dir='ltr'><strong>antiquiores</strong></span> <span class='ocrx_word' id='word_1_95' title='bbox 891 1728 998 1790; x_wconf 82' lang='lat' dir='ltr'><strong>lovere</strong></span> <span class='ocrx_word' id='word_1_96' title='bbox 1030 1725 1084 1792; x_wconf 89' lang='lat' dir='ltr'><strong>illo</strong></span> <span class='ocrx_word' id='word_1_97' title='bbox 1117 1725 1276 1806; x_wconf 77' lang='lat' dir='ltr'><strong>Horatius,</strong></span> <span class='ocrx_word' id='word_1_98' title='bbox 1314 1726 1422 1792; x_wconf 82' lang='lat' dir='ltr'><strong>formis</strong></span> 
     </span>
     <span class='ocr_line' id='line_1_13' title="bbox 276 1834 1422 1924; baseline 0.002 -26"><span class='ocrx_word' id='word_1_99' title='bbox 276 1834 362 1900; x_wconf 84' lang='lat' dir='ltr'><strong>verbi</strong></span> <span class='ocrx_word' id='word_1_100' title='bbox 388 1839 533 1916; x_wconf 76' lang='lat' dir='ltr'><strong>portendt</strong></span> <span class='ocrx_word' id='word_1_101' title='bbox 562 1837 672 1903; x_wconf 76' lang='lat' dir='ltr'><strong>tertiae</strong></span> <span class='ocrx_word' id='word_1_102' title='bbox 701 1838 907 1924; x_wconf 80' lang='lat' dir='ltr'><strong>aoniugationi</strong></span> <span class='ocrx_word' id='word_1_103' title='bbox 937 1837 1092 1921; x_wconf 83' lang='lat' dir='ltr'><strong>adaptatis</strong></span> <span class='ocrx_word' id='word_1_104' title='bbox 1114 1835 1259 1915; x_wconf 80' lang='lat' dir='ltr'><strong>Ovidius,</strong></span> <span class='ocrx_word' id='word_1_105' title='bbox 1282 1843 1325 1902; x_wconf 86' lang='lat' dir='ltr'><strong>ut</strong></span> <span class='ocrx_word' id='word_1_106' title='bbox 1348 1837 1422 1901; x_wconf 84' lang='lat' dir='ltr'><strong>alios</strong></span> 
     </span>
     <span class='ocr_line' id='line_1_14' title="bbox 274 1946 1422 2035; baseline -0.001 -23"><span class='ocrx_word' id='word_1_107' title='bbox 274 1949 418 2013; x_wconf 89' lang='lat' dir='ltr'><strong>omittam</strong></span> <span class='ocrx_word' id='word_1_108' title='bbox 450 1948 501 2034; x_wconf 85' lang='lat' dir='ltr'><strong>(of.</strong></span> <span class='ocrx_word' id='word_1_109' title='bbox 532 1948 648 2016; x_wconf 89' lang='lat' dir='ltr'><strong>Neuius</strong></span> <span class='ocrx_word' id='word_1_110' title='bbox 677 1949 699 2015; x_wconf 93' lang='lat' dir='ltr'><strong>l.</strong></span> <span class='ocrx_word' id='word_1_111' title='bbox 723 1951 745 2016; x_wconf 91' lang='lat' dir='ltr'><strong>l.</strong></span> <span class='ocrx_word' id='word_1_112' title='bbox 767 1969 818 2035; x_wconf 84' lang='lat' dir='ltr'><strong>pg.</strong></span> <span class='ocrx_word' id='word_1_113' title='bbox 841 1953 903 2018; x_wconf 82' lang='lat'><strong>321</strong></span> <span class='ocrx_word' id='word_1_114' title='bbox 928 1953 959 2016; x_wconf 86' lang='lat' dir='ltr'><strong>et</strong></span> <span class='ocrx_word' id='word_1_115' title='bbox 985 1946 1074 2034; x_wconf 79' lang='lat'>322).</span> <span class='ocrx_word' id='word_1_116' title='bbox 1125 1947 1247 2014; x_wconf 82' lang='lat' dir='ltr'><strong>Servius</strong></span> <span class='ocrx_word' id='word_1_117' title='bbox 1277 1965 1357 2012; x_wconf 87' lang='lat' dir='ltr'><strong>eum</strong></span> <span class='ocrx_word' id='word_1_118' title='bbox 1388 1948 1422 2012; x_wconf 88' lang='lat' dir='ltr'><strong>ad</strong></span> 
     </span>
     <span class='ocr_line' id='line_1_15' title="bbox 270 2060 1422 2144; baseline 0 -20"><span class='ocrx_word' id='word_1_119' title='bbox 270 2060 370 2144; x_wconf 81' lang='lat' dir='ltr'><strong>-Verg.</strong></span> <span class='ocrx_word' id='word_1_120' title='bbox 395 2060 471 2126; x_wconf 85' lang='lat' dir='ltr'><strong>Aen.</strong></span> <span class='ocrx_word' id='word_1_121' title='bbox 496 2062 541 2128; x_wconf 84' lang='lat' dir='ltr'><strong>IV</strong></span> <span class='ocrx_word' id='word_1_122' title='bbox 563 2062 627 2130; x_wconf 91' lang='grc'><strong>409</strong></span> <span class='ocrx_word' id='word_1_123' title='bbox 660 2067 802 2131; x_wconf 85' lang='lat' dir='ltr'><strong>annotet:</strong></span> <span class='ocrx_word' id='word_1_124' title='bbox 839 2062 995 2143; x_wconf 78' lang='lat' dir='ltr'><strong>‚Dicimus</strong></span> <span class='ocrx_word' id='word_1_125' title='bbox 1027 2081 1046 2128; x_wconf 91' lang='lat' dir='ltr'><strong>a</strong></span> <span class='ocrx_word' id='word_1_126' title='bbox 1079 2060 1172 2128; x_wconf 88' lang='lat' dir='ltr'><strong>tertia</strong></span> <span class='ocrx_word' id='word_1_127' title='bbox 1204 2060 1422 2144; x_wconf 85' lang='lat' dir='ltr'><strong>eoniugatione</strong></span> 
     </span>
     <span class='ocr_line' id='line_1_16' title="bbox 270 2171 1421 2258; baseline 0.002 -21"><span class='ocrx_word' id='word_1_128' title='bbox 270 2191 340 2238; x_wconf 88' lang='lat' dir='ltr'><strong>esse</strong></span> <span class='ocrx_word' id='word_1_129' title='bbox 361 2173 578 2258; x_wconf 81' lang='lat' dir='ltr'><strong>imperativum</strong></span> <span class='ocrx_word' id='word_1_130' title='bbox 605 2184 736 2258; x_wconf 83' lang='grc'>(6666),</span> <span class='ocrx_word' id='word_1_131' title='bbox 766 2180 802 2245; x_wconf 84' lang='grc'><strong>66</strong></span> <span class='ocrx_word' id='word_1_132' title='bbox 823 2196 910 2254; x_wconf 82' lang='lat' dir='ltr'><strong>eaeo,</strong></span> <span class='ocrx_word' id='word_1_133' title='bbox 934 2179 1037 2258; x_wconf 71' lang='grc'>66666,</span> <span class='ocrx_word' id='word_1_134' title='bbox 1067 2173 1139 2240; x_wconf 87' lang='lat' dir='ltr'><strong>hino</strong></span> <span class='ocrx_word' id='word_1_135' title='bbox 1161 2172 1255 2240; x_wconf 87' lang='lat' dir='ltr'><strong>etiam</strong></span> <span class='ocrx_word' id='word_1_136' title='bbox 1278 2171 1421 2240; x_wconf 79' lang='lat' dir='ltr'><strong>Catullus</strong></span> 
     </span>
     <span class='ocr_line' id='line_1_17' title="bbox 267 2277 1422 2373; baseline 0.003 -26"><span class='ocrx_word' id='word_1_137' title='bbox 267 2277 387 2348; x_wconf 70' lang='grc'>666666</span> <span class='ocrx_word' id='word_1_138' title='bbox 401 2286 508 2366; x_wconf 60' lang='lat' dir='ltr'><strong>disier,</strong></span> <span class='ocrx_word' id='word_1_139' title='bbox 526 2289 617 2368; x_wconf 87' lang='lat' dir='ltr'><strong>errat,</strong></span> <span class='ocrx_word' id='word_1_140' title='bbox 634 2307 706 2354; x_wconf 91' lang='lat' dir='ltr'><strong>nam</strong></span> <span class='ocrx_word' id='word_1_141' title='bbox 721 2292 810 2356; x_wconf 79' lang='grc' dir='ltr'><strong>66υέ</strong></span> <span class='ocrx_word' id='word_1_142' title='bbox 832 2289 912 2373; x_wconf 87' lang='lat' dir='ltr'><strong>apud</strong></span> <span class='ocrx_word' id='word_1_143' title='bbox 920 2286 1073 2354; x_wconf 79' lang='lat' dir='ltr'><strong>Catullum</strong></span> <span class='ocrx_word' id='word_1_144' title='bbox 1086 2287 1138 2365; x_wconf 80' lang='lat'><strong>50,</strong></span> <span class='ocrx_word' id='word_1_145' title='bbox 1153 2286 1269 2362; x_wconf 85' lang='lat'>18.19;</span> <span class='ocrx_word' id='word_1_146' title='bbox 1293 2287 1422 2366; x_wconf 78' lang='grc'>61,166</span> 
     </span>
     <span class='ocr_line' id='line_1_18' title="bbox 269 2393 1420 2486; baseline 0.001 -27"><span class='ocrx_word' id='word_1_147' title='bbox 269 2396 324 2460; x_wconf 87' lang='lat' dir='ltr'><strong>est</strong></span> <span class='ocrx_word' id='word_1_148' title='bbox 344 2393 544 2480; x_wconf 73' lang='lat' dir='ltr'><strong>imperativus</strong></span> <span class='ocrx_word' id='word_1_149' title='bbox 571 2399 719 2465; x_wconf 76' lang='lat' dir='ltr'><strong>secundae</strong></span> <span class='ocrx_word' id='word_1_150' title='bbox 748 2398 969 2486; x_wconf 76' lang='lat' dir='ltr'><strong>coniugationis</strong></span> <span class='ocrx_word' id='word_1_151' title='bbox 992 2420 1009 2461; x_wconf 84' lang='lat' dir='ltr'><strong>e</strong></span> <span class='ocrx_word' id='word_1_152' title='bbox 1031 2399 1184 2481; x_wconf 82' lang='lat' dir='ltr'><strong>eorrepta‚</strong></span> <span class='ocrx_word' id='word_1_153' title='bbox 1215 2397 1316 2480; x_wconf 88' lang='lat' dir='ltr'><strong>qualis</strong></span> <span class='ocrx_word' id='word_1_154' title='bbox 1343 2399 1420 2481; x_wconf 86' lang='lat' dir='ltr'><strong>apud</strong></span> 
     </span>
     <span class='ocr_line' id='line_1_19' title="bbox 276 2500 1438 2596; baseline -0.003 -24"><span class='ocrx_word' id='word_1_155' title='bbox 276 2507 409 2591; x_wconf 77' lang='lat' dir='ltr'><strong>tragicos</strong></span> <span class='ocrx_word' id='word_1_156' title='bbox 440 2511 557 2575; x_wconf 82' lang='lat' dir='ltr'><strong>setores</strong></span> <span class='ocrx_word' id='word_1_157' title='bbox 588 2500 708 2578; x_wconf 81' lang='lat' dir='ltr'><strong>sexcent</strong></span> <span class='ocrx_word' id='word_1_158' title='bbox 708 2513 772 2594; x_wconf 90' lang='lat' dir='ltr'><strong>ies,</strong></span> <span class='ocrx_word' id='word_1_159' title='bbox 803 2511 884 2596; x_wconf 86' lang='lat' dir='ltr'><strong>apud</strong></span> <span class='ocrx_word' id='word_1_160' title='bbox 912 2511 982 2596; x_wconf 93' lang='lat' dir='ltr'><strong>poet</strong></span> <span class='ocrx_word' id='word_1_161' title='bbox 983 2529 1017 2576; x_wconf 87' lang='lat' dir='ltr'><strong>as</strong></span> <span class='ocrx_word' id='word_1_162' title='bbox 1040 2509 1160 2578; x_wconf 77' lang='lat' dir='ltr'><strong>Catullo</strong></span> <span class='ocrx_word' id='word_1_163' title='bbox 1188 2509 1323 2576; x_wconf 86' lang='lat' dir='ltr'><strong>minores</strong></span> <span class='ocrx_word' id='word_1_164' title='bbox 1354 2530 1438 2575; x_wconf 20' lang='lat' dir='ltr'><strong>raros</strong></span> 
     </span>
     <span class='ocr_line' id='line_1_20' title="bbox 277 2621 918 2712; baseline 0.016 -29"><span class='ocrx_word' id='word_1_165' title='bbox 277 2621 391 2702; x_wconf 87' lang='lat' dir='ltr'><strong>reperit</strong></span> <span class='ocrx_word' id='word_1_166' title='bbox 392 2640 428 2685; x_wconf 88' lang='lat' dir='ltr'><strong>ur</strong></span> <span class='ocrx_word' id='word_1_167' title='bbox 450 2621 501 2705; x_wconf 78' lang='grc'>(6.6</span> <span class='ocrx_word' id='word_1_168' title='bbox 525 2621 684 2690; x_wconf 89' lang='lat' dir='ltr'><strong>Neuiusl.</strong></span> <span class='ocrx_word' id='word_1_169' title='bbox 707 2625 805 2710; x_wconf 79' lang='lat' dir='ltr'><strong>ng&#39;.</strong></span> <span class='ocrx_word' id='word_1_170' title='bbox 828 2623 918 2712; x_wconf 85' lang='lat'><strong>333).</strong></span> 
     </span>
    </p>

    <p class='ocr_par' dir='ltr' id='par_1_3' title="bbox 276 2730 1419 2930">
     <span class='ocr_line' id='line_1_21' title="bbox 362 2730 1419 2821; baseline 0 -23"><span class='ocrx_word' id='word_1_171' title='bbox 362 2735 422 2799; x_wconf 90' lang='lat' dir='ltr'><strong>Pro</strong></span> <span class='ocrx_word' id='word_1_172' title='bbox 444 2736 574 2800; x_wconf 79' lang='lat' dir='ltr'><strong>-iebam</strong></span> <span class='ocrx_word' id='word_1_173' title='bbox 595 2734 765 2819; x_wconf 81' lang='lat' dir='ltr'><strong>imperfecti</strong></span> <span class='ocrx_word' id='word_1_174' title='bbox 794 2740 919 2821; x_wconf 82' lang='lat' dir='ltr'><strong>quartae</strong></span> <span class='ocrx_word' id='word_1_175' title='bbox 947 2733 1170 2819; x_wconf 84' lang='lat' dir='ltr'><strong>eoniugatiouis</strong></span> <span class='ocrx_word' id='word_1_176' title='bbox 1195 2730 1419 2814; x_wconf 85' lang='lat' dir='ltr'><strong>antiquissimis</strong></span> 
     </span>
     <span class='ocr_line' id='line_1_22' title="bbox 276 2845 1419 2930; baseline -0.003 -17"><span class='ocrx_word' id='word_1_177' title='bbox 276 2846 463 2930; x_wconf 82' lang='lat' dir='ltr'><strong>temporibus</strong></span> <span class='ocrx_word' id='word_1_178' title='bbox 496 2847 559 2913; x_wconf 84' lang='lat' dir='ltr'><strong>fere</strong></span> <span class='ocrx_word' id='word_1_179' title='bbox 591 2847 703 2930; x_wconf 89' lang='lat' dir='ltr'><strong>ubique</strong></span> <span class='ocrx_word' id='word_1_180' title='bbox 736 2852 868 2917; x_wconf 78' lang='lat' dir='ltr'><strong>-s&#39;tam</strong></span> <span class='ocrx_word' id='word_1_181' title='bbox 898 2847 1102 2916; x_wconf 85' lang='lat' dir='ltr'><strong>eoutraetione</strong></span> <span class='ocrx_word' id='word_1_182' title='bbox 1132 2845 1306 2924; x_wconf 82' lang='lat' dir='ltr'><strong>dicebatur,</strong></span> <span class='ocrx_word' id='word_1_183' title='bbox 1344 2864 1419 2927; x_wconf 83' lang='lat' dir='ltr'><strong>quae</strong></span> 
     </span>
    </p>
   </div>
   <div class='ocr_carea' id='block_1_3' title="bbox 169 2955 1419 3046">
    <p class='ocr_par' dir='ltr' id='par_1_4' title="bbox 169 2955 1419 3046">
     <span class='ocr_line' id='line_1_23' title="bbox 169 2955 1419 3046; baseline 0 -22"><span class='ocrx_word' id='word_1_184' title='bbox 169 2983 184 3032; x_wconf 68' lang='grc' dir='ltr'><em>γ</em></span> <span class='ocrx_word' id='word_1_185' title='bbox 277 2957 400 3042; x_wconf 89' lang='lat' dir='ltr'><strong>quidem</strong></span> <span class='ocrx_word' id='word_1_186' title='bbox 414 2957 585 3040; x_wconf 81' lang='lat' dir='ltr'><strong>imperfecti</strong></span> <span class='ocrx_word' id='word_1_187' title='bbox 599 2959 742 3025; x_wconf 88' lang='lat' dir='ltr'><strong>formatio</strong></span> <span class='ocrx_word' id='word_1_188' title='bbox 758 2979 795 3026; x_wconf 89' lang='lat' dir='ltr'><strong>oe</strong></span> <span class='ocrx_word' id='word_1_189' title='bbox 811 2962 891 3046; x_wconf 86' lang='lat' dir='ltr'><strong>apud</strong></span> <span class='ocrx_word' id='word_1_190' title='bbox 913 2981 1022 3028; x_wconf 84' lang='lat' dir='ltr'><strong>aureae</strong></span> <span class='ocrx_word' id='word_1_191' title='bbox 1037 2960 1159 3044; x_wconf 88' lang='lat' dir='ltr'><strong>quidem</strong></span> <span class='ocrx_word' id='word_1_192' title='bbox 1181 2955 1291 3024; x_wconf 85' lang='lat' dir='ltr'><strong>aetatis</strong></span> <span class='ocrx_word' id='word_1_193' title='bbox 1312 2961 1419 3040; x_wconf 85' lang='lat' dir='ltr'><strong>poetas</strong></span> 
     </span>
    </p>
   </div>
   <div class='ocr_carea' id='block_1_4' title="bbox 270 3070 1418 4287">
    <p class='ocr_par' dir='ltr' id='par_1_5' title="bbox 270 3060 1418 3920">
     <span class='ocr_line' id='line_1_24' title="bbox 276 3070 1418 3157; baseline -0.004 -21"><span class='ocrx_word' id='word_1_194' title='bbox 276 3071 365 3154; x_wconf 88' lang='lat' dir='ltr'><strong>plane</strong></span> <span class='ocrx_word' id='word_1_195' title='bbox 388 3089 423 3135; x_wconf 82' lang='lat' dir='ltr'><strong>er</strong></span> <span class='ocrx_word' id='word_1_196' title='bbox 444 3090 502 3135; x_wconf 88' lang='lat' dir='ltr'><strong>usu</strong></span> <span class='ocrx_word' id='word_1_197' title='bbox 524 3070 662 3150; x_wconf 79' lang='lat' dir='ltr'><strong>evanuit,</strong></span> <span class='ocrx_word' id='word_1_198' title='bbox 694 3071 775 3153; x_wconf 90' lang='lat' dir='ltr'><strong>quod</strong></span> <span class='ocrx_word' id='word_1_199' title='bbox 797 3071 888 3157; x_wconf 81' lang='lat' dir='ltr'><strong>Verg.</strong></span> <span class='ocrx_word' id='word_1_200' title='bbox 912 3072 988 3140; x_wconf 81' lang='lat' dir='ltr'><strong>Aen.</strong></span> <span class='ocrx_word' id='word_1_201' title='bbox 1012 3073 1059 3138; x_wconf 89' lang='lat' dir='ltr'><strong>XI</strong></span> <span class='ocrx_word' id='word_1_202' title='bbox 1087 3073 1151 3138; x_wconf 79' lang='lat'><strong>572</strong></span> <span class='ocrx_word' id='word_1_203' title='bbox 1173 3071 1325 3148; x_wconf 77' lang='lat' dir='ltr'><strong>nutribat,</strong></span> <span class='ocrx_word' id='word_1_204' title='bbox 1359 3071 1418 3134; x_wconf 88' lang='lat' dir='ltr'><strong>VII</strong></span> 
     </span>
     <span class='ocr_line' id='line_1_25' title="bbox 275 3179 1418 3274; baseline -0.003 -27"><span class='ocrx_word' id='word_1_205' title='bbox 275 3182 341 3250; x_wconf 79' lang='lat'><strong>485</strong></span> <span class='ocrx_word' id='word_1_206' title='bbox 371 3179 547 3262; x_wconf 77' lang='grc'>66616666,</span> <span class='ocrx_word' id='word_1_207' title='bbox 578 3183 657 3248; x_wconf 93' lang='lat' dir='ltr'>VIII</span> <span class='ocrx_word' id='word_1_208' title='bbox 675 3184 750 3250; x_wconf 71' lang='grc'>’160</span> <span class='ocrx_word' id='word_1_209' title='bbox 776 3186 926 3263; x_wconf 76' lang='lat' dir='ltr'><strong>vestibat,</strong></span> <span class='ocrx_word' id='word_1_210' title='bbox 953 3179 1110 3274; x_wconf 70' lang='grc'>’0611166</span> <span class='ocrx_word' id='word_1_211' title='bbox 1133 3182 1179 3248; x_wconf 86' lang='lat' dir='ltr'><strong>VI</strong></span> <span class='ocrx_word' id='word_1_212' title='bbox 1200 3183 1241 3247; x_wconf 82' lang='lat'><strong>21</strong></span> <span class='ocrx_word' id='word_1_213' title='bbox 1264 3182 1418 3258; x_wconf 75' lang='lat' dir='ltr'><strong>mollibat,</strong></span> 
     </span>
     <span class='ocr_line' id='line_1_26' title="bbox 276 3294 1418 3378; baseline -0.001 -18"><span class='ocrx_word' id='word_1_214' title='bbox 276 3295 365 3378; x_wconf 90' lang='lat' dir='ltr'><strong>Prop.</strong></span> <span class='ocrx_word' id='word_1_215' title='bbox 400 3295 416 3376; x_wconf 84' lang='lat' dir='ltr'>I</span> <span class='ocrx_word' id='word_1_216' title='bbox 453 3297 483 3374; x_wconf 88' lang='grc'><strong>3,</strong></span> <span class='ocrx_word' id='word_1_217' title='bbox 496 3294 539 3361; x_wconf 77' lang='grc'><strong>25</strong></span> <span class='ocrx_word' id='word_1_218' title='bbox 572 3296 733 3377; x_wconf 77' lang='lat' dir='ltr'><strong>turpiter,</strong></span> <span class='ocrx_word' id='word_1_219' title='bbox 774 3295 838 3361; x_wconf 87' lang='lat' dir='ltr'><strong>alia</strong></span> <span class='ocrx_word' id='word_1_220' title='bbox 872 3297 1033 3378; x_wconf 77' lang='lat' dir='ltr'><strong>testantis.</strong></span> <span class='ocrx_word' id='word_1_221' title='bbox 1087 3294 1245 3361; x_wconf 78' lang='lat' dir='ltr'><strong>Eiusmodi</strong></span> <span class='ocrx_word' id='word_1_222' title='bbox 1282 3296 1418 3376; x_wconf 80' lang='lat' dir='ltr'><strong>exempla</strong></span> 
     </span>
     <span class='ocr_line' id='line_1_27' title="bbox 270 3393 1418 3496; baseline -0.003 -24"><span class='ocrx_word' id='word_1_223' title='bbox 270 3403 662 3473; x_wconf 72' lang='grc'>666611166666666666</span> <span class='ocrx_word' id='word_1_224' title='bbox 685 3409 736 3486; x_wconf 87' lang='grc'><strong>68,</strong></span> <span class='ocrx_word' id='word_1_225' title='bbox 760 3409 803 3475; x_wconf 82' lang='grc'><strong>85</strong></span> <span class='ocrx_word' id='word_1_226' title='bbox 824 3409 991 3472; x_wconf 75' lang='lat' dir='ltr'><strong>scibant</strong></span> <span class='ocrx_word' id='word_1_227' title='bbox 1019 3393 1251 3486; x_wconf 71' lang='grc'>(6666666111</span> <span class='ocrx_word' id='word_1_228' title='bbox 1275 3406 1418 3496; x_wconf 77' lang='grc'>66666666</span> 
     </span>
     <span class='ocr_line' id='line_1_28' title="bbox 273 3516 1417 3612; baseline -0.002 -29"><span class='ocrx_word' id='word_1_229' title='bbox 273 3520 355 3602; x_wconf 75' lang='lat' dir='ltr'><strong>dp),</strong></span> <span class='ocrx_word' id='word_1_230' title='bbox 379 3521 429 3599; x_wconf 86' lang='grc'><strong>84,</strong></span> <span class='ocrx_word' id='word_1_231' title='bbox 439 3521 462 3585; x_wconf 76' lang='grc'><strong>’8</strong></span> <span class='ocrx_word' id='word_1_232' title='bbox 485 3519 1129 3612; x_wconf 71' lang='lat' dir='ltr'><strong>audibant(audiebaetGLCHffrJ),</strong></span> <span class='ocrx_word' id='word_1_233' title='bbox 1152 3517 1204 3606; x_wconf 74' lang='lat'><strong>64,</strong></span> <span class='ocrx_word' id='word_1_234' title='bbox 1216 3516 1279 3584; x_wconf 86' lang='lat'><strong>319</strong></span> <span class='ocrx_word' id='word_1_235' title='bbox 1295 3526 1417 3581; x_wconf 77' lang='lat' dir='ltr'><strong>eaete-</strong></span> 
     </span>
     <span class='ocr_line' id='line_1_29' title="bbox 272 3619 1415 3713; baseline -0.003 -19"><span class='ocrx_word' id='word_1_236' title='bbox 272 3619 870 3713; x_wconf 72' lang='grc'>666666(6666666666(110116).</span> <span class='ocrx_word' id='word_1_237' title='bbox 915 3631 965 3696; x_wconf 89' lang='lat' dir='ltr'><strong>Ita</strong></span> <span class='ocrx_word' id='word_1_238' title='bbox 987 3632 1092 3696; x_wconf 80' lang='lat' dir='ltr'><strong>eoutm</strong></span> <span class='ocrx_word' id='word_1_239' title='bbox 1121 3629 1258 3695; x_wconf 85' lang='lat' dir='ltr'><strong>eodieum</strong></span> <span class='ocrx_word' id='word_1_240' title='bbox 1286 3629 1415 3694; x_wconf 86' lang='lat' dir='ltr'><strong>auotori-</strong></span> 
     </span>
     <span class='ocr_line' id='line_1_30' title="bbox 277 3740 1412 3825; baseline -0.002 -18"><span class='ocrx_word' id='word_1_241' title='bbox 277 3742 375 3807; x_wconf 87' lang='lat' dir='ltr'><strong>tatem</strong></span> <span class='ocrx_word' id='word_1_242' title='bbox 397 3740 590 3807; x_wconf 79' lang='lat' dir='ltr'><strong>scribendum</strong></span> <span class='ocrx_word' id='word_1_243' title='bbox 613 3759 694 3824; x_wconf 84' lang='lat' dir='ltr'><strong>esse,</strong></span> <span class='ocrx_word' id='word_1_244' title='bbox 725 3743 778 3808; x_wconf 91' lang='lat' dir='ltr'><strong>ubi</strong></span> <span class='ocrx_word' id='word_1_245' title='bbox 807 3743 956 3808; x_wconf 90' lang='lat' dir='ltr'><strong>metrum</strong></span> <span class='ocrx_word' id='word_1_246' title='bbox 968 3761 1062 3808; x_wconf 87' lang='lat' dir='ltr'><strong>unam</strong></span> <span class='ocrx_word' id='word_1_247' title='bbox 1085 3741 1236 3809; x_wconf 82' lang='lat' dir='ltr'><strong>desideret</strong></span> <span class='ocrx_word' id='word_1_248' title='bbox 1221 3741 1412 3825; x_wconf 81' lang='lat' dir='ltr'><strong>t‚syllabam</strong></span> 
     </span>
     <span class='ocr_line' id='line_1_31' title="bbox 274 3820 921 3920; baseline 0 -2"><span class='ocrx_word' id='word_1_249' title='bbox 274 3853 467 3919; x_wconf 87' lang='lat' dir='ltr'><strong>Bentleius</strong></span> <span class='ocrx_word' id='word_1_250' title='bbox 458 3874 491 3919; x_wconf 84' lang='lat' dir='ltr'><strong>sn</strong></span> <span class='ocrx_word' id='word_1_251' title='bbox 513 3853 645 3920; x_wconf 88' lang='lat' dir='ltr'><strong>editione</strong></span> <span class='ocrx_word' id='word_1_252' title='bbox 667 3820 803 3919; x_wconf 80' lang='lat' dir='ltr'><strong>Terentii</strong></span> <span class='ocrx_word' id='word_1_253' title='bbox 825 3853 921 3918; x_wconf 86' lang='lat' dir='ltr'><strong>dooet.</strong></span> 
     </span>
    </p>

    <p class='ocr_par' dir='ltr' id='par_1_6' title="bbox 279 3935 1411 4287">
     <span class='ocr_line' id='line_1_32' title="bbox 313 3935 1411 4060; baseline -0.001 -29.949"><span class='ocrx_word' id='word_1_254' title='bbox 313 3965 434 4052; x_wconf 82' lang='lat' dir='ltr'><strong>I·a·m</strong></span> <span class='ocrx_word' id='word_1_255' title='bbox 454 3966 493 4031; x_wconf 85' lang='lat' dir='ltr'><strong>ad</strong></span> <span class='ocrx_word' id='word_1_256' title='bbox 523 3965 658 4060; x_wconf 79' lang='lat' dir='ltr'><strong>perfetta</strong></span> <span class='ocrx_word' id='word_1_257' title='bbox 681 3964 854 4032; x_wconf 76' lang='lat' dir='ltr'><strong>Catulliana</strong></span> <span class='ocrx_word' id='word_1_258' title='bbox 877 3967 908 4032; x_wconf 91' lang='grc'><strong>66</strong></span> <span class='ocrx_word' id='word_1_259' title='bbox 929 3935 1083 4047; x_wconf 85' lang='lat' dir='ltr'><strong>tempora,</strong></span> <span class='ocrx_word' id='word_1_260' title='bbox 1106 3981 1182 4045; x_wconf 87' lang='lat' dir='ltr'><strong>quae</strong></span> <span class='ocrx_word' id='word_1_261' title='bbox 1204 3956 1273 4028; x_wconf 88' lang='lat' dir='ltr'><strong>inde</strong></span> <span class='ocrx_word' id='word_1_262' title='bbox 1295 3963 1411 4031; x_wconf 87' lang='lat' dir='ltr'><strong>deseen-</strong></span> 
     </span>
     <span class='ocr_line' id='line_1_33' title="bbox 279 4075 1410 4161; baseline -0.002 -17"><span class='ocrx_word' id='word_1_263' title='bbox 279 4077 417 4156; x_wconf 66' lang='lat' dir='ltr'><strong>duntt</strong></span> <span class='ocrx_word' id='word_1_264' title='bbox 403 4080 602 4144; x_wconf 89' lang='lat' dir='ltr'><strong>rtanseamus.</strong></span> <span class='ocrx_word' id='word_1_265' title='bbox 648 4079 733 4160; x_wconf 84' lang='lat'>34,8</span> <span class='ocrx_word' id='word_1_266' title='bbox 768 4097 821 4161; x_wconf 92' lang='lat' dir='ltr'><strong>pro</strong></span> <span class='ocrx_word' id='word_1_267' title='bbox 855 4079 1000 4161; x_wconf 76' lang='lat' dir='ltr'><strong>deposuit</strong></span> <span class='ocrx_word' id='word_1_268' title='bbox 1026 4077 1175 4142; x_wconf 90' lang='lat' dir='ltr'><strong>librorum</strong></span> <span class='ocrx_word' id='word_1_269' title='bbox 1204 4075 1294 4142; x_wconf 91' lang='lat' dir='ltr'><strong>metri</strong></span> <span class='ocrx_word' id='word_1_270' title='bbox 1325 4097 1410 4142; x_wconf 85' lang='lat' dir='ltr'><strong>eausa</strong></span> 
     </span>
     <span class='ocr_line' id='line_1_34' title="bbox 272 4189 1408 4287; baseline 0 -32"><span class='ocrx_word' id='word_1_271' title='bbox 272 4191 492 4287; x_wconf 69' lang='lat' dir='ltr'><strong>deposcent</strong></span> <span class='ocrx_word' id='word_1_272' title='bbox 523 4191 745 4256; x_wconf 87' lang='lat' dir='ltr'><strong>restituendum</strong></span> <span class='ocrx_word' id='word_1_273' title='bbox 776 4192 838 4270; x_wconf 85' lang='lat' dir='ltr'><strong>est,</strong></span> <span class='ocrx_word' id='word_1_274' title='bbox 871 4189 949 4272; x_wconf 86' lang='lat' dir='ltr'><strong>quod</strong></span> <span class='ocrx_word' id='word_1_275' title='bbox 982 4190 1096 4273; x_wconf 84' lang='lat' dir='ltr'><strong>perfect</strong></span> <span class='ocrx_word' id='word_1_276' title='bbox 1098 4207 1149 4254; x_wconf 88' lang='lat' dir='ltr'><strong>um</strong></span> <span class='ocrx_word' id='word_1_277' title='bbox 1172 4189 1253 4273; x_wconf 85' lang='lat' dir='ltr'><strong>apud</strong></span> <span class='ocrx_word' id='word_1_278' title='bbox 1274 4189 1408 4257; x_wconf 86' lang='lat' dir='ltr'><strong>Plautum</strong></span> 
     </span>
    </p>
   </div>
   <div class='ocr_carea' id='block_1_5' title="bbox 0 0 1462 5168">
    <p class='ocr_par' dir='ltr' id='par_1_7' title="bbox 0 0 1462 5168">
     <span class='ocr_line' id='line_1_35' title="bbox 0 0 1462 5168; baseline 0 0"><span class='ocrx_word' id='word_1_279' title='bbox 0 0 1462 5168; x_wconf 95' lang='lat' dir='ltr'><strong> </strong></span> 
     </span>
    </p>
   </div>
  </div>
 </body>
</html>
