2912 5168
751 443 966 512 ..1ss-

281 613 378 682 latere
399 615 522 700 aliquod
544 617 601 683 sub
623 615 673 683 his
693 616 840 684 monstris
861 635 979 698 nomen,
1002 635 1061 701 quo
1082 613 1235 702 nymphas
1260 615 1304 682 et
1333 611 1365 682 G

268 719 405 811 'quidem
426 727 555 795 flexione
575 729 714 796 Catullus
737 730 994 814 indigitaverit).
1028 727 1164 794 Eandem
1180 727 1433 794 terminationes

282 841 432 908 Graecam
459 842 576 926 primns
596 833 721 922 Varro,
752 842 823 908 inde
851 842 1013 925 aliquoties
1035 838 1212 923 Propertius
1243 833 1434 919 Ovidiusqr·

282 953 498 1020 adhibuenmt
514 989 553 1002 -
575 953 686 1020 Rarius
709 954 803 1021 etiam
826 953 959 1038 legimus
981 971 1090 1019 nomen
1112 951 1359 1036 appellativum
1385 953 1443 1016 tale

281 1065 371 1148 quale
393 1066 523 1146 61,194
549 1070 799 1149 pnrllenice
832 1084 887 1149 pro
914 1066 1110 1147 partheniam
1131 1063 1243 1144 Plinii,
1269 1083 1295 1129 a
1324 1063 1435 1130 Catuli¹

281 1176 345 1244 solo
367 1178 551 1258 adhibitum,
574 1180 606 1262 et
626 1180 927 1260 polinpemon
948 1175 1165 1256 accusativum,
1188 1175 1241 1258 qui
1265 1175 1437 1241 restituen-

282 1289 339 1354 dus
361 1289 484 1356 ridetur
504 1290 591 1370 22,5
612 1309 649 1354 ex
675 1293 774 1373 palmi
803 1299 891 1371 reple
921 1287 1070 1355 codicum.
1097 1321 1132 1334 —
1158 1289 1210 1367 66,
1223 1287 1269 1352 94
1296 1286 1438 1354 Oatrrllu

282 1401 383 1467 forma
419 1402 575 1466 Oarion
608 1421 664 1486 pro
699 1403 796 1468 01111
828 1402 942 1484 utitur,
978 1402 1106 1484 anast
1138 1402 1192 1466 aut
1221 1400 1437 1464 Peniocer

283 1513 433 1580 librorum
455 1513 640 1596 optimorum
661 1515 844 1582 auctoritate
865 1518 920 1582 aut
941 1517 1116 1580 Peneios
1148 1533 1218 1580 cnm
1241 1515 1274 1577 D
1300 1513 1438 1580 scriber-

282 1625 355 1690 dum
370 1628 418 1692 ast
441 1627 567 1710 (Penios
588 1629 637 1692 Gi
651 1629 716 1693 Ill
733 1631 842 1709 penten
864 1629 926 1694 GC
943 1632 1074 1711 peneloe
1095 1629 1147 1692 0¹
1165 1647 1288 1709 poeseos
1317 1628 1346 1690 d
1354 1624 1407 1710 p).

367 1737 489 1820 Restat,
519 1739 555 1805 ut
577 1739 615 1804 de
636 1737 787 1804 adiectiro
815 1759 910 1805 unum
940 1757 1095 1819 moneam,
1125 1738 1204 1821 quod
1225 1736 1314 1802 milri
1343 1737 1397 1803 est
1416 1734 1436 1798 ir

281 1851 435 1933 promptu.

367 1963 464 2028 Poeta
485 1963 588 2028 nesta
610 1962 637 2028 si
658 1963 747 2029 modo
763 1965 815 2044 29,
828 1964 870 2031 23
886 1963 1009 2047 scripsit
1028 1963 1259 2046 piieeirner',
1285 1979 1357 2044 quo
1383 1958 1435 2024 loco

282 2073 415 2140 multum
437 2074 500 2140 iam
522 2095 541 2141 a
562 2075 749 2142 11111111ὲί1
772 2078 904 2142 tractato
920 2076 1037 2143 moines
1053 2075 1170 2156 0an
1192 2075 1436 2156 opulentissime

282 2188 939 2271 111111]11111111111111111
962 2209 1051 2254 usum
1062 2185 1266 2270 antiquiorem
1291 2185 1433 2254 retinuit

281 2317 371 2381 quem
394 2299 556 2383 scriptores
585 2300 704 2365 mediae
726 2303 757 2366 et
779 2300 901 2366 infimae
922 2300 1089 2366 latinitatis
1112 2298 1208 2364 denuo
1230 2297 1432 2382 adoptarunt

281 2410 381 2492 Quam
420 2411 551 2477 formam
584 2430 604 2477 a
636 2411 778 2479 Cicerone
810 2413 892 2479 Phil
926 2413 1007 2478 XIII
1042 2414 1082 2479 19
1121 2413 1157 2478 ut
1189 2431 1250 2478 non
1283 2413 1431 2479 Latinam

282 2517 427 2588 reiectam
449 2525 481 2589 et
494 2523 526 2588 in
545 2523 793 2609 inscriptionibus
816 2526 848 2590 et
862 2524 942 2608 apud
964 2524 1126 2608 scriptores
1137 2523 1279 2607 Augusto
1297 2525 1431 2590 minores

208 2683 215 2695 .
282 2635 448 2718 repermus
479 2635 531 2722 (ci.
555 2637 647 2703 Nouii
669 2657 717 2722 gr.
739 2638 774 2704 L.
798 2637 831 2703 Π
851 2656 902 2722 pg.
926 2639 978 2705 82,
1022 2638 1056 2703 L.
1081 2636 1234 2705 Muelleri'
1251 2636 1310 2706 lib.
1343 2640 1386 2703 de
1407 2654 1432 2698 re

282 2751 371 2814 metr.
394 2768 445 2833 pg.
469 2747 560 2836 385).

701 2977 1011 2990 m

457 3437 527 3538 lie
559 3435 896 3540 declinatione
928 3441 1250 3568 pronominis

366 3654 413 3719 Dc
434 3657 485 3719 nri
506 3674 561 3738 pro
590 3655 668 3721 milri
698 3656 780 3724 (licto
809 3657 847 3724 ci.
871 3676 948 3741 quac
977 3658 1057 3725 inira
1079 3662 1159 3744 part
1182 3659 1266 3726 Vin
1287 3665 1424 3730 medium

280 3767 404 3851 protuli.

369 3881 462 3946 l'ete
485 3899 582 3948 accus.
606 3881 796 3966 geminatus,
824 3882 877 3966 qui
899 3901 924 3949 c.
950 3885 1056 3964 101‚5
1078 3888 1171 3968 extat,
1195 3887 1354 3957 rarissime
1376 3892 1420 3956 iu·

280 3991 402 4058 venitur
424 3993 517 4078 (apud
539 3995 653 4076 Plaut,
676 3995 808 4077 Terent,
832 3996 937 4078 (iicon,
960 3997 1096 4082 Appul.).
1434 4067 1435 4086 p

366 4105 563 4175 Nominativo
595 4109 714 4174 numeri
746 4110 875 4193 pluralis
897 4130 951 4193 pro
978 4113 1038 4174 noe
1062 4109 1201 4177 Catullus
1223 4113 1321 4176 tneo
1345 4093 1436 4180 dixit

281 4219 332 4301 64,
344 4220 409 4287 320
431 4240 465 4286 ex
488 4221 673 4305 optimorum
695 4204 843 4289 librorum
866 4223 1056 4306 auctoritate,
1081 4225 1132 4310 qui
1155 4228 1212 4291 lree
1232 4225 1347 4293 habent
1371 4229 1416 4316 (L.
