2912 5168
726 437 926 498 ..q-

256 611 320 676 eins
342 629 451 693 genere
473 609 592 674 dicendi
622 611 653 674 et
682 609 748 674 arto
778 611 845 673 tum
873 608 994 672 demum
1026 605 1153 670 iudicari
1175 604 1316 688 poterit,
1348 625 1424 669 cum

256 724 394 806 singula,
417 721 527 804 quibus
550 740 568 786 a
590 719 687 804 poetis
710 739 784 803 quos
807 719 913 786 dicunt
935 717 1071 785 classicis
1094 717 1206 798 differt,
1230 717 1423 800 composita

256 839 352 903 erunt.
398 835 588 918 Quapropter
609 852 717 918 operae
738 833 872 918 pretinm
893 830 971 898 mihi
992 831 1094 898 risum
1115 832 1180 910 est,
1204 831 1266 896 hac
1289 831 1423 896 disser-

255 949 372 1016 tatione
394 968 429 1014 ea
450 948 600 1032 proferre,
630 965 707 1030 quae
737 945 774 1011 de
797 943 911 1012 Catulli
938 943 1005 1008 arte
1034 940 1238 1028 grammatica
1268 944 1421 1008 maxime

256 1061 334 1129 mihi
354 1060 421 1127 risa
442 1062 514 1126 sunt
527 1060 631 1143 digna,
654 1077 731 1142 quae
744 1058 1002 1141 componerentur.
1036 1054 1233 1137 Quaestiones
1255 1057 1420 1122 metricas

256 1179 287 1242 et
323 1173 514 1259 prosodiacas
547 1172 684 1240 consulto
718 1172 756 1237 ab
789 1170 828 1236 iis
862 1168 989 1252 adiunxi,
1052 1169 1089 1234 In
1121 1167 1185 1234 illis
1222 1187 1297 1235 uero
1345 1189 1419 1234 eam

256 1287 379 1370 quidem
418 1285 578 1370 praecipue
615 1286 736 1350 secutus
770 1300 838 1348 sum
869 1282 1037 1364 rationem,
1075 1285 1111 1349 ut
1142 1300 1178 1349 ca
1214 1301 1418 1362 enarrarem,

257 1399 366 1482 quibus
406 1397 577 1480 antiquiore
621 1398 740 1462 servato
781 1413 839 1460 usu
880 1393 1019 1462 Catullus
1060 1413 1080 1460 a
1119 1395 1216 1479 poetis
1256 1396 1418 1481 Augusto

255 1510 434 1594 aequalibus
468 1509 587 1590 differt,
621 1509 673 1592 qui
706 1508 828 1592 quidem
861 1506 965 1574 odium
994 1509 1239 1591 mntomtumquc
1261 1511 1415 1575 veterum

256 1623 493 1707 dactylicomm,
515 1613 627 1688 nedum
649 1619 855 1687 scaenicorum
883 1638 957 1704 prae
986 1639 1019 1685 se
1048 1619 1166 1699 farunt;
1189 1639 1261 1686 nam
1284 1623 1413 1704 poetae,

257 1735 310 1820 qni
331 1734 402 1801 inde
424 1733 576 1801 aTiberii
592 1735 693 1800 aetate
714 1732 926 1817 provenerunt,
948 1729 989 1796 ad
1010 1730 1197 1814 antiquiores
1218 1731 1289 1798 illos
1314 1751 1415 1817 saepe

257 1850 461 1927 recesserunt,
492 1845 648 1927 Laeuium,
671 1847 849 1925 Varronem,
880 1844 957 1910 alios
986 1843 1088 1926 potius
1118 1861 1210 1927 quam
1234 1844 1413 1910 Horatium

257 1961 364 2027 secuti.
417 1959 573 2027 Nonnulla
606 1958 700 2025 etiam
729 1958 852 2024 uberius
888 1955 1023 2039 exposita
1057 1957 1147 2035 sunt,
1181 1975 1258 2039 quae
1294 1959 1413 2039 poetae

256 2075 359 2138 nostro
389 2091 459 2137 oum
488 2071 648 2156 Augustae
677 2071 789 2137 acatis
821 2067 920 2153 poetis
950 2067 1122 2134 communia
1151 2069 1238 2148 sunt,
1276 2070 1309 2134 et
1348 2070 1411 2135 hoc

257 2184 380 2268 quidem
403 2201 471 2248 eam
492 2182 530 2249 ob
553 2199 693 2261 cansam,
726 2181 806 2264 quod
828 2179 1018 2263 quaestiones
1039 2179 1119 2245 illae.
1135 2198 1205 2245 cum
1227 2179 1298 2245 aliis
1321 2179 1409 2246 eius-

257 2295 327 2361 dem
348 2295 468 2379 generis
491 2293 606 2360 arctius
628 2293 799 2374 cohaerent,
823 2295 855 2359 et
875 2293 911 2358 ut
934 2290 1049 2358 canui
1070 2309 1166 2375 genus
1189 2291 1309 2357 dicendi
1331 2292 1408 2357 inde

256 2407 440 2473 luculentius
471 2407 626 2490 appareat.
672 2404 759 2486 Quod
787 2406 823 2470 nt
853 2404 886 2468 in
915 2403 985 2470 aliis
1012 2401 1057 2468 ira
1078 2403 1239 2486 praecipue
1260 2403 1346 2469 valet
1370 2404 1404 2468 in

259 2518 486 2602 quaestionibus
500 2518 752 2602 orthographicis,
769 2535 843 2600 quas
859 2517 915 2584 snb
932 2517 1024 2582 finem
1040 2515 1262 2583 dissertationis
1275 2516 1402 2600 protuli.

259 2630 309 2695 Ad
331 2649 459 2696 cavero
486 2649 563 2712 quae
592 2629 699 2712 scripsi
732 2630 937 2712 componenda
969 2629 1101 2695 maximo
1134 2629 1212 2695 mihi
1244 2630 1402 2695 commodo

259 2741 381 2808 fuerunt
408 2741 481 2807 libri
509 2741 593 2806 hice:
615 2741 662 2806 .F.
686 2740 777 2804 Neuii
810 2740 1014 2822 grammatica
1042 2740 1171 2821 Latina,
1200 2741 1235 2807 L.
1258 2741 1401 2806 Muelleri

259 2853 333 2919 libri
356 2853 392 2918 de
414 2871 448 2917 re
469 2852 597 2918 metrica
618 2852 778 2935 poetarum
799 2850 988 2932 Latinomm,
1011 2871 1048 2919 ea
1069 2871 1146 2936 quae
1167 2853 1202 2919 F.
1214 2853 1403 2919 Ritschelius

259 2965 347 3032 nobis
376 2964 410 3028 in
439 2964 551 3030 scholis
580 2964 617 3029 de
646 2960 713 3029 arte
745 2964 949 3046 grammatica
977 2966 1185 3032 Romanomm
1213 2985 1291 3032 anno
1319 2967 1348 3032 h.
1374 2987 1398 3031 s.

259 3077 348 3143 LXII
377 3079 408 3142 et
441 3076 546 3141 LXIII
579 3077 701 3141 Bonnae
742 3074 858 3140 habitis
887 3075 1025 3142 tradidit.
1060 3111 1104 3123 ——
1139 3079 1184 3142 ux
1217 3078 1399 3144 editionibus

256 3188 443 3256 Catullianis
465 3190 586 3270 praeter
607 3187 886 3254 Lachmannianam
908 3189 1103 3273 potissimum
1119 3189 1271 3256 Schwobii
1291 3191 1399 3256 editio·

259 3321 330 3367 nem
352 3299 472 3383 (Gissae
494 3297 744 3384 MDGOOLXVI)
775 3303 895 3367 secutus
926 3321 994 3367 sum
1027 3301 1134 3367 eadem
1154 3302 1273 3368 ratione
1293 3302 1398 3368 critica

260 3413 428 3494 iisdemque
459 3409 539 3476 notis
573 3412 612 3477 ad
648 3411 764 3478 codices
794 3413 995 3497 designandos
1025 3432 1106 3479 usus.
1151 3413 1397 3480 luculentissime

260 3524 342 3590 enim
364 3522 595 3590 Schwabiusin
623 3523 775 3606 prooemio
807 3525 870 3591 ind.
894 3526 988 3592 schol.
1012 3526 1140 3608 Dorpat.
1163 3544 1191 3591 a.
1213 3527 1245 3590 h.
1269 3545 1293 3592 s.
1315 3527 1397 3592 LXV

263 3637 295 3701 et
316 3635 387 3700 inde
417 3634 450 3698 in
479 3631 666 3717 praefatione
696 3634 837 3700 editionis
865 3635 929 3701 iam
957 3637 1099 3703 laudatae
1122 3624 1244 3718 docuit,
1259 3657 1324 3703 eum
1345 3639 1396 3720 qui

261 3747 382 3815 eatuuo
404 3745 584 3812 recensendo
606 3763 728 3829 operam
751 3747 819 3827 det,
842 3746 954 3814 codicis
976 3748 1247 3833 Songermanensis
1269 3750 1395 3816 auctori-

261 3862 327 3927 tate
348 3859 480 3924 maxime
502 3859 672 3938 sublevari,
696 3858 806 3942 quippe
828 3858 880 3941 qui
901 3863 984 3926 recta
1005 3860 1057 3926 ria
1079 3879 1114 3926 ex
1136 3861 1300 3928 Veronensi
1319 3862 1394 3928 libro

262 3974 371 4040 ductus
394 3974 425 4038 et
447 3991 466 4037 a
486 3971 614 4037 librario
635 3969 778 4054 prudenti
800 3973 831 4037 et
853 3971 997 4055 diligenti
1023 3972 1155 4057 scriptus
1177 3974 1229 4039 sit.
1273 3974 1342 4038 Inde
1361 3975 1392 4040 in

262 4084 396 4152 carmine
422 4086 464 4152 62
493 4084 627 4149 maxima
659 4084 799 4150 habenda
831 4086 879 4150 est
911 4084 986 4150 fides
1019 4084 1115 4151 codici
1143 4086 1301 4164 Theaneo,
1331 4088 1392 4153 toto
1442 4123 1443 4132 κ

264 4197 380 4264 Catulli
413 4197 492 4263 libro
524 4197 646 4280 praeter
678 4195 748 4261 illos
777 4197 914 4276 Datauo,
956 4196 1034 4263 libro
1066 4196 1224 4263 Laurentii
1256 4196 1389 4279 Santonii,
