2912 5168
489 459 702 530 „17..

7 637 211 702 [uellerde
225 656 259 703 re
273 639 363 704 metr.
375 655 428 720 pg.
441 638 514 706 386.
549 638 588 702 H.
603 638 718 704 Usener
740 657 810 704 ann.
832 639 925 706 Jahn
949 640 989 707 91
1012 657 1065 724 pg.
1078 635 1167 722 226).

7 770 113 814 uam
144 751 274 814 formam
297 749 510 831 antiquiorem,
533 768 610 831 quae
632 751 737 816 eodem
758 750 847 816 modo
864 753 931 816 orta
951 753 999 816 est
1010 743 1050 816 er
1073 754 1169 817 toene

7 865 19 926 b
53 865 159 925 laune
182 861 348 940 orbonae,
372 864 429 926 boe
451 881 486 926 ex
508 863 584 927 booe
607 863 675 942 eto,
699 861 793 927 etiam
816 863 953 929 Oioeroni
973 861 1169 929 tribuendam

7 993 64 1038 sse
109 974 221 1040 docuit
250 975 473 1041 Fleokeisenins
503 974 583 1039 Mus.
614 974 712 1039 Rhen.
743 975 805 1039 VH
819 985 884 1058 pg.
915 975 977 1040 271
1002 993 1064 1057 sq,
1095 993 1168 1040 esn-

7 1107 152 1169 emque
174 1087 331 1171 Vergilius
354 1087 496 1153 adhibuit
518 1085 678 1169 aliquoties
704 1083 860 1170 (cillenii
872 1086 1167 1171 genupgnoo).

7 1201 38 1263 lt
68 1217 187 1282 panea
210 1199 305 1265 etiam
327 1201 454 1266 afferam
484 1199 622 1281 exempla
644 1215 769 1262 oasuum
790 1197 920 1263 aliorum
942 1197 1076 1264 eiusdem
1098 1218 1168 1283 pro·

7 1311 155 1375 ominis
178 1311 259 1393 apud
281 1313 421 1394 antiquos
444 1310 588 1376 similiter
603 1308 867 1388 conformatom
891 1309 1077 1375 nominativo
1098 1309 1169 1393 pln-

7 1424 85 1488 alis
131 1422 296 1487 maseulini
330 1427 381 1488 bie
413 1422 565 1500 Iunilius,
600 1423 668 1484 boio
700 1419 852 1485 Pacuvius
886 1421 1042 1500 dixenmt,
1077 1424 1168 1504 atque

7 1557 143 1598 ¹oraru>
169 1537 200 1598 et
228 1537 346 1599 toruae
367 1554 436 1619 gen.
459 1534 538 1618 plur.
563 1534 643 1617 apud
664 1533 810 1598 Plautum
833 1535 865 1598 et
887 1534 1063 1599 Terentium
1085 1552 1168 1598 eom·-

7 1648 163 1712 ›l'ur'ibus
185 1636 270 1712 loeis
283 1646 425 1730 legimus.
469 1647 534 1712 Neo
556 1646 657 1710 minus
680 1646 739 1709 huo
760 1643 902 1727 pertinet,
925 1646 1005 1727 quod
1028 1645 1168 1712 Catullus

7 1761 115 1838 5737
144 1761 250 1824 neutro
272 1758 401 1841 pluralis
424 1758 502 1824 dixit
524 1763 657 1822 istaec
679 1757 813 1839 (asinaeo
834 1756 923 1835 libri;
952 1761 1011 1822 isle
1033 1759 1113 1833 du)
1137 1759 1168 1822 et

7 1871 108 1950 50,5
134 1869 271 1934 ablativo
294 1869 371 1952 sing.
397 1871 503 1934 illoc
524 1869 556 1932 in
577 1869 640 1933 his:
663 1890 788 1932 numero
800 1871 889 1932 modo
905 1873 963 1934 boo
977 1872 1067 1934 modo
1083 1872 1167 1935 illue.

106 1981 339 2046 Difficillimum
363 1983 409 2046 est
431 1981 471 2046 ad
493 1980 735 2060 diiudicandum,
759 1982 795 2045 ut
816 1999 917 2064 pauea-
934 1981 971 2046 do
992 1980 1168 2064 pronomine

7 2093 156 2157 relativo
179 2093 336 2172 disseram,
359 2093 464 2156 utrum
486 2095 580 2174 quoi
601 2110 641 2156 an
663 2095 730 2156 aas·
752 2093 908 2176 scripserit
928 2094 1031 2177 poeta,
1054 2111 1114 2176 qua
1136 2093 1168 2157 in

7 2225 41 2268 re
69 2206 210 2271 editores
240 2205 321 2269 inter
350 2223 383 2268 se
413 2204 595 2286 disoropant.
640 2202 787 2268 Nonnulli
817 2207 897 2270 oerte
919 2205 979 2271 looi
1005 2205 1092 2271 nobis
1114 2205 1168 2270 fir-

7 2337 110 2381 mare
140 2315 285 2382 videntur
314 2314 470 2380 Catullum
504 2317 598 2397 quoi
631 2313 795 2396 scripsisse.
855 2317 903 2380 lin
931 2316 1066 2399 primum
1101 2315 1161 2383 looi

7 2429 134 2510 quibus
151 2428 183 2492 in
198 2427 338 2492 omnibus
361 2426 450 2491 libris
472 2429 523 2490 oui
544 2426 675 2508 legitur:
698 2427 750 2506 22,
768 2429 811 2493 20
825 2431 943 2510 eosque,
967 2428 1052 2508 30,6
1068 2432 1167 2495 cuine.

7 2539 123 2604 stiam
144 2539 228 2618 23,1
253 2535 326 2623 (om.
343 2539 432 2602 Μ
452 2540 525 2619 quoi
543 2535 580 2622 p)
604 2539 635 2603 et
648 2539 699 2616 64,
712 2536 775 2604 219
799 2536 901 2625 (quem
917 2543 943 2604 G
962 2541 1016 2604 αἶ’.
1038 2541 1165 2622 euim)

7 2652 40 2715 in
66 2651 175 2718 oodiee
188 2649 355 2716 Veronensi
378 2653 429 2713 oui
450 2646 571 2712 videtur
593 2647 742 2729 seriptum
763 2645 866 2717 fuisse.
901 2649 961 2716 Sed
984 2653 1012 2731 l,
1027 2652 1056 2731 1,
1079 2651 1162 2717 eodi-

7 2782 84 2826 oum
122 2761 254 2844 vestigia
283 2760 310 2824 si
351 2760 528 2842 sequimur,
547 2759 729 2824 Veronensis
767 2765 819 2843 qur·
852 2761 973 2828 uidetur
1005 2762 1158 2844 habuisse,

7 2874 201 2956 scripturam
219 2893 254 2938 er
277 2859 349 2955 qobe'
363 2871 598 2947 Catulliortam,
621 2889 676 2936 neo
689 2871 790 2962 minus
813 2873 843 2952 2,
856 2875 890 2951 3;
915 2874 1038 2953 67,47;
1061 2875 1113 2955 24,
1125 2876 1162 2954 53

7 2986 129 3067 quibus
150 2985 225 3050 loeis
241 2984 290 3050 uel
312 2985 345 3048 in
363 2983 486 3066 optimis
505 2982 657 3048 oodioibus
678 2981 728 3048 vel
749 2983 782 3048 in
804 2985 957 3050 nonnullis
979 2987 1164 3071 optimorum

8 3101 67 3178 qui
92 3097 172 3162 illud
201 3096 342 3179 legimus.
387 3096 528 3160 Fortasse
556 3114 591 3158 en
614 3099 686 3176 quoi
707 3095 919 3178 antiquissimo
943 3098 1050 3178 17,14
1070 3098 1162 3164 leutio

10 3205 169 3274 librorum
199 3200 384 3291 optimorum
413 3206 465 3271 oui
487 3209 588 3271 tonum
609 3211 653 3272 es'l
681 3226 736 3290 pro
766 3212 838 3290 quos·
860 3231 928 3272 eom
949 3214 994 3275 sil
1014 3211 1082 3277 orto
1104 3214 1161 3291 est,

12 3323 46 3384 et
73 3318 406 3401 107,1ex·oooieum
434 3317 618 3401 optimorum
647 3318 776 3384 leetione
805 3323 843 3384 si·
856 3323 1004 3404 quioquid
1032 3323 1163 3388 fortasse

12 3449 95 3512 oum,
111 3433 146 3497 Ο.
159 3428 325 3496 Ribbeokio
347 3451 417 3496 anu.
434 3428 526 3496 Jahn.
544 3431 586 3494 85
607 3427 735 3512 pg.378
757 3433 787 3492 si
809 3435 882 3512 quoi
904 3434 981 3514 quid
1000 3433 1163 3498 restituen-

14 3543 90 3608 dum
114 3545 170 3608 est.
204 3537 289 3609 Haeo
310 3545 368 3608 hae
390 3544 427 3608 de
448 3561 481 3607 re
504 3561 680 3624 componere
702 3541 779 3606 milri
801 3541 898 3622 liouit,
921 3561 1018 3626 pauea
1041 3544 1162 3627 quidem

14 3674 172 3748 parvaque
194 3656 254 3720 fide
277 3651 414 3734 subnixa,
438 3657 584 3734 attamen,
608 3655 667 3720 nisi
689 3655 788 3735 fallor,
811 3655 914 3738 digna,
938 3675 1014 3738 quae
1028 3675 1087 3722 non
1107 3661 1162 3740 pro

17 3767 115 3832 nihilo
138 3767 366 3834 aestimentur·
392 3767 486 3832 Extat
508 3786 579 3833 vero
601 3771 676 3850 quoi
697 3765 775 3832 illud
804 3767 836 3832 in
858 3767 965 3832 multis
987 3768 1161 3852 inscriptio-

16 3879 162 3944 nibus-et
184 3879 265 3962 apud
282 3880 437 3958 Plautum,
461 3874 555 3944 etiam
578 3879 781 3963 eompluribus
804 3880 879 3946 loeis
900 3875 1045 3946 librorum
1069 3901 1161 3946 menu

18 3992 202 4075 scriptorum
233 3985 385 4057 Ciceronis
408 3993 439 4057 et
461 3989 592 4076 Vergilii
624 3993 675 4078 (of.
700 3992 791 4056 Nouii
813 4011 860 4075 gr.
884 3993 918 4056 L.
942 3992 975 4056 II
995 4011 1046 4076 pg.
1072 3988 1160 4078 165).

106 4082 187 4183 Quae
210 4102 247 4168 de
263 4099 398 4169 ablativo
413 4104 578 4188 singularis
595 4106 626 4169 et
648 4103 778 4188 pluralis
800 4103 985 4186 pronominis
1008 4097 1059 4187 'qaue'
1082 4099 1161 4185 quoe

21 4217 103 4294 qood
124 4233 157 4276 ex
180 4215 293 4279 Catulli
326 4217 510 4280 carminibus
534 4237 635 4280 errrore
658 4217 770 4300 potui,-
791 4219 866 4281 haee
887 4220 966 4286 suut.
1013 4211 1160 4297 Quumlis

971 4336 987 4389 2
