2912 5168
790 463 1001 532 ..32-

264 639 267 646 ’
321 634 516 702 restituendo.
562 635 642 702 Nem
668 637 812 718 ,ἀρήρῃ
846 637 981 717 deriqii,
1012 636 1163 698 dereoeere
1188 635 1253 698 eto.
1294 631 1399 696 Meuia:

322 747 452 832 Vergilii
481 749 573 814 codex
602 747 734 826 sexiens,
765 765 819 812 nee
849 748 968 831 saepius
991 748 1072 814 idem
1102 750 1210 828 diriye
1237 746 1356 825 dirique
1371 760 1401 806 eo·

322 861 464 938 (Laehm.
494 860 534 925 ad
563 861 651 925 Luor.
681 877 733 942 pg.
757 860 843 940 247).
873 861 924 939 63,
938 863 980 928 56
1010 863 1033 925 d
1040 863 1099 926 iri
1105 877 1205 942 oure
1230 858 1363 942 legimus.

410 973 521 1038 Contra
536 991 606 1039 vero
618 972 649 1036 in
661 969 814 1038 nonnullis
830 974 843 1035 1
857 973 1006 1038 reeentior
1018 975 1064 1038 est
1075 991 1130 1056 pro
1146 992 1162 1035 e
1177 970 1353 1052 divulgata:
1363 967 1402 1033 itt

321 1086 500 1168 gravido
521 1085 789 1168 (qr-aeaeae),
813 1084 865 1162 55,
878 1083 921 1149 25
941 1087 1115 1166 pinnipee
1132 1081 1183 1170 (de
1201 1101 1265 1147 sor.
1284 1080 1403 1146 oodionn

322 1196 473 1262 Sohuabii
496 1196 570 1262 edit.
593 1215 645 1280 pg.
672 1195 734 1262 190
755 1194 815 1278 ex.)
839 1195 876 1261 el.
897 1199 997 1278 pinna
1018 1195 1099 1279 apud
1120 1196 1227 1274 liner„
1254 1195 1349 1269 Vara,
1390 1207 1402 1245 ι

319 1313 467 1389 pioniqer
490 1309 570 1391 apud
585 1309 683 1388 Luae,
706 1308 785 1374 aliis.
816 1308 920 1374 Etiam
942 1309 983 1370 ni
1003 1325 1058 1390 pro
1080 1327 1119 1371 oe
1141 1325 1202 1371 uno
1230 1306 1300 1370 loeo
1322 1299 1402 1386 (oin

323 1421 354 1486 in
366 1421 519 1487 oodieihus
531 1425 686 1487 serratum
697 1424 744 1488 est
756 1420 807 1505 (oi.
820 1421 943 1490 Leohm.
959 1421 998 1486 ad
1009 1419 1096 1486 Luor.
1109 1439 1161 1503 pg.
1180 1417 1277 1504 117),
1301 1415 1370 1481 euius
1378 1431 1403 1476 ι

324 1534 446 1598 auctore
460 1533 628 1600 Ritseheiio
641 1534 716 1599 haee
732 1533 942 1599 videturesse.
977 1531 1114 1614 Antiqua
1132 1531 1237 1598 forma
1255 1551 1296 1594 ne
1312 1527 1367 1602 fuit,
1378 1544 1402 1588 un

322 1649 375 1710 aei
393 1647 495 1711 ortum
513 1646 560 1711 est
579 1647 720 1730 (fortasse
736 1648 788 1725 62,
795 1645 836 1711 59
855 1645 1094 1724 restituendum,
1118 1644 1172 1709 ubi
1193 1662 1306 1710 omnes
1324 1639 1379 1704 iibri
1396 1666 1403 1685 ι

321 1758 491 1841 praebent).
525 1762 565 1823 Ei
587 1760 674 1830 illud.
698 1760 735 1825 de
758 1777 816 1841 qno
838 1757 928 1841 paulo
950 1759 1019 1840 post
1040 1757 1163 1822 uberius
1186 1775 1296 1840 agam,
1319 1753 1369 1816 iere
1383 1748 1401 1810 d·

323 1870 436 1952 quein
465 1874 479 1934 ἱ
507 1873 641 1953 transiit,
665 1873 756 1954 etque
778 1872 824 1938 ita
846 1890 881 1936 ex
903 1874 955 1933 aei
977 1873 1045 1935 orta
1068 1872 1115 1936 est
1137 1870 1240 1936 forma
1265 1871 1307 1936 ne‘.
1343 1865 1403 1928 Ut·

314 1983 379 2047 troo
400 1983 609 2066 distinguatur
632 2004 650 2049 a
677 1988 710 2047 ai
738 2001 793 2068 pro
814 1985 877 2046 oiri
899 1981 997 2065 posito
1027 1982 1119 2064 (quod
1140 1983 1172 2046 et
1193 1981 1304 2064 ipsum
1324 1977 1366 2039 oei
1379 1991 1400 2033 u

244 2159 258 2174 „
322 2073 461 2174 debetur,
486 2095 522 2158 ut
543 2095 689 2177 prodnote
712 2095 937 2178 significaretur
954 2096 997 2177 i),
1021 2095 1175 2177 antiquior
1197 2095 1310 2177 postea
1330 2083 1401 2151 resin

325 2205 374 2268 est
396 2204 493 2270 forma
515 2225 562 2271 ne.
596 2207 734 2289 Denique
750 2212 939 2273 antistans
957 2207 1055 2294 (codd.
1071 2205 1221 2292 aeratae)
1249 2203 1310 2284 9‚2
1329 2197 1393 2280 legin

244 2381 246 2384 .
323 2316 403 2396 quod
434 2315 465 2382 et
497 2316 598 2399 ipsum
628 2320 709 2400 apud
738 2319 923 2400 antiquiores
954 2324 989 2387 ut
1022 2322 1110 2386 Lner.
1134 2321 1165 2386 et
1187 2319 1284 2384 Varr.
1308 2311 1380 2378 extet

322 2429 342 2490 1
361 2447 417 2509 pro
437 2451 458 2492 o
480 2429 651 2511 antiquiore
675 2433 724 2510 10,
739 2431 779 2496 10
801 2433 957 2511 habemns
981 2453 1048 2498 nam
1063 2433 1096 2498 in
1110 2430 1198 2497 libris
1221 2425 1399 2493 monimen

322 2542 470 2624 seriptum
493 2537 769 2629 est‘(monumento
791 2544 824 2609 in
846 2543 975 2630 soleii),
999 2563 1074 2626 quae
1091 2541 1172 2608 eoois
1188 2537 1361 2607 scribendae
1374 2539 1402 2591 dt

317 2653 426 2731 etiam,
449 2655 485 2718 ut
507 2654 568 2719 alia
589 2656 741 2738 omittam,
764 2659 844 2741 apud
866 2660 1034 2723 Varronem
1049 2657 1069 2722 1.
1087 2657 1121 2721 L.
1137 2655 1222 2720 vlo
1246 2648 1388 2718 invenitus

325 2767 409 2845 17,6
432 2766 464 2831 in
481 2769 730 2832 SolieodeiIie
751 2789 805 2852 pro
825 2771 1042 2849 Salienteolie,
1066 2768 1145 2850 quod
1166 2768 1202 2831 ut
1224 2765 1342 2840 ennead
1359 2768 1402 2838 prot

322 2880 373 2941 snt
395 2897 413 2942 a
435 2881 570 2943 saliendi
592 2883 683 2947 verbo
702 2881 871 2960 deseendit;
894 2880 964 2945 inde
987 2901 1004 2944 e
1025 2900 1079 2964 pro
1101 2903 1122 2943 a
1143 2879 1176 2943 in
1197 2879 1256 2944 hoo
1279 2877 1402 2959 folqen

321 3009 376 3072 pro
390 3005 392 3013 ·
406 2994 545 3073 folqoree
576 2989 641 3078 (66,
655 2993 721 3074 94).
766 2993 803 3057 In
832 2993 881 3058 his
909 2994 1006 3060 forma
1029 2990 1182 3073 antiquior
1204 2984 1341 3074 Augusti
1358 2977 1401 3043 aet·

323 3102 418 3169 denno
440 3106 630 3188 pervulgata,
654 3104 709 3169 illa
730 3106 866 3170 obsoleta
888 3108 962 3171 erat.

400 3217 567 3282 -Postrerno
591 3220 628 3281 ei
650 3237 704 3301 pro
724 3219 861 3301 ilonga
884 3237 972 3301 saepe
988 3217 1020 3281 in
1036 3217 1188 3282 oodieibus
1205 3215 1364 3284 servatum,
1395 3193 1402 3237 ³³

322 3326 397 3392 loeis
420 3329 504 3393 eerta
526 3329 697 3396 eonieotura
720 3319 940 3397 restituendum
963 3331 1019 3396 est.
1054 3329 1100 3394 Ne
1122 3329 1232 3411 longus
1255 3329 1324 3404 sim,
1345 3319 1400 3381 dei*

322 3439 406 3504 illins
431 3445 463 3504 ee·
485 3442 560 3506 satis
583 3445 654 3507 nete
676 3463 756 3509 nuno
777 3463 837 3508 non
860 3442 1023 3521 disseram,
1046 3442 1099 3506 sed
1121 3441 1227 3524 delego
1249 3440 1291 3504 ad
1314 3453 1358 3508 ea,
1376 3439 1401 3504 11

322 3551 525 3618 Schweizems
546 3555 580 3619 in
601 3555 718 3620 Kuhnii
741 3556 933 3622 zeitschr-f.
957 3557 1019 3638 vgl.
1044 3555 1109 3638 Spr.
1134 3555 1167 3618 II
1188 3572 1240 3636 pg.
1265 3551 1328 3618 356
1354 3558 1400 3620 Si·

321 3663 357 3728 de
379 3683 412 3729 re
435 3665 579 3731 disseruit
601 3669 632 3732 et
654 3668 779 3732 Leohm.
803 3669 843 3733 ad
864 3668 951 3732 Luer.
975 3679 1027 3750 p'g.
1045 3667 1115 3732 ‘244
1137 3685 1181 3748 sq.
1202 3661 1259 3731 ‘Eo
1287 3660 1391 3730 auderi

322 3775 436 3841 Catulli
458 3778 612 3844 nodieibns
634 3766 729 3845 unum
742 3781 872 3865 pluralis
884 3781 1053 3863 exemplum
1076 3780 1294 3844 intemeratum
1316 3765 1401 3840 renati

322 3889 372 3967 61,
386 3890 450 3956 232
481 3893 603 3957 deaei
632 3897 780 3976 ooarioqee
802 3879 952 3977 (11101,
966 3893 1020 3957 aiii
1044 3895 1164 3971 helaei,
1188 3883 1306 3970 doleat,
1329 3875 1401 3982 doadi

318 4000 453 4066 uooetivi
482 4001 557 4066 item
586 4023 679 4069 nnunr
708 4006 791 4084 23‚1
821 3995 966 4073 Feret(
1007 4003 1123 4084 Quibus
1153 4023 1209 4086 ego
1240 3985 1397 4086 equidemh

321 4102 382 4175 abl.
395 4107 522 4194 pluralis
539 4115 636 4181 adieio
653 4118 824 4198 exerdplurn
840 4119 891 4198 46,
905 4107 1038 4182 auore
1048 4122 1083 4181 is
1106 4117 1145 4201 (G
1160 4119 1184 4179 C
1193 4127 1205 4152 ⁰
1220 4118 1257 4193 H,
1281 4113 1332 4180 alii
1346 4099 1401 4170 aori

322 4223 365 4288 At
394 4228 513 4307 poetam
545 4231 681 4294 nostrum
713 4216 1233 4311 nonLueilii‘·reguila1nsecutum
1264 4247 1341 4301 esse,
1366 4207 1396 4294 iffi
