2912 5168
745 449 959 516 -36..

279 621 312 684 iu
341 569 468 685 observ.⁸
487 621 584 686 oritio.
618 621 697 687 libro
733 623 795 702 lpg.
824 621 893 698 14);
928 620 981 684 sed
1013 620 1169 702 complura
1199 618 1314 686 omisit.
1375 619 1453 700 Ego

275 730 419 814 equidem
449 731 638 797 deminutiva
667 730 800 810 Catulli,
835 749 912 814 quas
941 733 1138 815 septuaginta
1169 731 1233 798 fero
1262 735 1362 809 sunt,
1403 732 1445 795 ita

280 861 474 926 componam,
503 846 539 909 ut
558 844 692 928 primurn
714 863 750 910 eo
772 861 924 920 enarrem,
948 862 1025 926 quae
1046 843 1128 927 apud
1150 842 1307 912 Catullum
1330 843 1445 909 solun

273 957 400 1033 noant,
424 955 494 1022 inde
517 974 593 1038 quae
616 955 732 1022 rariora
754 957 786 1020 et
807 954 975 1021 vetustiora
998 955 1140 1021 videntur
1162 975 1244 1033 esso,
1274 959 1445 1039 postremo

280 1067 457 1152 divulgata,
492 1088 569 1151 quae
599 1068 694 1134 etiam
724 1068 805 1150 apud
834 1067 911 1133 alios
941 1067 1103 1149 scriptores
1133 1068 1326 1151 maximoque
1354 1067 1445 1149 apud

190 1209 193 1216 ¹
280 1180 441 1264 scriptores
464 1199 573 1246 aureae
595 1180 707 1245 aetatis
731 1179 857 1245 suntin
880 1199 944 1246 usu.

366 1291 413 1357 Aa
442 1293 576 1376 primum
605 1291 729 1371 quidem
758 1291 838 1374 apud
869 1290 1025 1357 Catullum
1063 1293 1178 1370 solum,
1209 1292 1288 1374 qnod
1319 1293 1442 1358 seiam.

214 1407 223 1424 '
280 1407 413 1489 legimus
435 1405 545 1471 haece:

438 1523 466 1586 1.
502 1517 719 1586 Substantira:

365 1634 452 1710 25,2
474 1634 625 1698 auricilla
648 1629 763 1714 (cont),

365 1747 450 1824 68‚2
473 1747 658 1827 epistolium,

365 1859 449 1934 ont
474 1859 611 1938 somello,

364 1970 449 2048 25,2
472 1971 640 2033 medullula
664 1971 675 2047 l
679 1966 763 2031 codd.
789 1967 948 2044 medulla»,

255 2105 262 2117 ·
367 2083 451 2160 10‚3
473 2082 656 2157 armillum,

364 2194 415 2272 67,
429 2195 467 2258 21
492 2195 596 2256 riuulo
618 2193 636 2256 i.
661 2212 685 2258 e.
710 2191 774 2256 siaa
797 2207 901 2272 parva,
924 2189 1073 2254 translate
1095 2209 1149 2270 pro
1172 2190 1318 2268 mentula,

363 2307 449 2384 99,2
471 2307 503 2370 et
528 2306 567 2369 14
589 2307 763 2367 suaviolum
785 2301 834 2367 vel
855 2305 1016 2366 roviolam.

435 2420 465 2484 2.
502 2417 680 2484 Adiectiva:

365 2528 416 2607 64,
431 2530 495 2595 316
520 2531 676 2607 aridolus,

365 2640 448 2717 57,7
474 2642 657 2717 eruditum,

365 2751 416 2830 61,
432 2752 493 2818 193
512 2751 688 2832 floridulua,

366 2865 452 2944 25‚2
475 2867 597 2940 imulas,

366 2975 417 3056 63,
430 2976 473 3042 35
496 2979 634 3041 lassulus
658 2974 827 3060 (Hauptius
850 2973 976 3055 omisit),

365 3088 417 3166 25,
432 3089 473 3155 10
496 3090 692 3167 mollicellas,

365 3199 452 3279 69,4
472 3203 687 3281 perluoldnlus
711 3203 759 3268 vel
778 3203 1002 3283 pellucidulus,

366 3310 419 3390 66,
431 3311 473 3378 63
496 3314 640 3376 evidetur
664 3311 782 3399 (coni).

417 3423 448 3490 N
448 3424 549 3490 omina
564 3425 686 3508 propria
701 3423 899 3502 deminution,
915 3441 990 3504 quae
1006 3421 1172 3504 separatim
1194 3423 1320 3502 protero,
1339 3429 1427 3490 sunt:

366 3537 450 3615 59‚1
473 3538 611 3618 Rufulos
634 3535 751 3621 (toni),

366 3650 418 3728 45,
434 3649 474 3713 13
496 3652 695 3730 Septumillua
719 3648 837 3735 (coni),

362 3761 472 3838 '1217
496 3762 528 3826 ot
549 3759 638 3840 47,3
668 3763 863 3826 Veraniolus.

367 3871 476 3937 Rarius
493 3871 703 3954 utplurimum
720 3873 801 3956 apud
816 3872 953 3936 auctores
970 3874 1024 3938 aut
1035 3873 1222 3955 antiquiores
1239 3877 1293 3939 aut
1304 3875 1426 3940 mediae

280 3983 440 4049 intimasse
461 3985 641 4052 Latinitatis
664 3987 755 4050 haeae
778 3985 961 4068 reperimus:

438 4098 465 4161 1.
490 4094 705 4163 Substantias:

367 4211 418 4285 or,
434 4211 492 4275 181
526 4188 716 4274 aracaeum
753 4211 803 4293 (oe
833 4210 956 4278 ursano
986 4207 1118 4274 homins
1151 4210 1207 4273 nos
1241 4209 1305 4274 son
1339 4211 1422 4290 roan
