2912 5168
503 421 717 493 ...35..

8 597 179 662 codicum
207 597 407 680 superstitum
437 595 581 662 lectiones
611 600 683 662 sunt
713 596 926 680 inspiciendae.
979 595 1058 660 Tum
1087 595 1186 662 multa

6 711 247 790 revivescant,
277 729 355 794 quae
384 711 558 776 etiamnunc
592 710 625 778 iu
653 709 809 793 farragine
838 707 1003 774 lectionum
1033 707 1187 776 ranarum

5 823 160 906 sepulta
189 823 299 890 iacent.
344 823 382 889 In
404 823 470 901 his,
493 824 530 888 ut
551 841 645 886 unum
668 839 818 900 moneam,
840 819 935 904 longa
957 820 1009 886 sed
1031 819 1187 887 fructuosa

4 935 78 1001 erit
109 935 259 1018 quaestio
288 932 326 1000 da
355 933 576 1000 assimilatione
606 933 863 1017 praepositionum
892 932 925 998 in
956 933 1132 1016 compositio
1154 937 1186 998 at

4 1047 71 1128 qui
102 1047 208 1119 fuerit
229 1065 302 1112 usus
323 1048 432 1130 poetae
453 1045 551 1111 nostri
573 1045 606 1111 ir
627 1043 691 1111 illis
714 1042 903 1112 adhibendis.

561 1448 677 1536 m
798 1477 801 1483 .

221 1631 291 1730 lle
323 1630 653 1730 deminutivia
685 1627 997 1729 catullianis.

122 1823 193 1887 Iam
223 1823 416 1906 pervenimus
445 1823 485 1888 ad
514 1822 629 1888 formas
659 1820 880 1900 deminutione,
911 1820 1021 1902 quibus
1044 1820 1183 1888 Catullus

10 1953 106 1999 usus
133 1933 183 2013 sit,
207 1935 378 2002 accuratius
400 1933 630 2018 componendas.
665 1933 748 2000 Satis
770 1933 890 1999 constat
912 1951 1015 1998 amare
1028 1931 1184 2000 Catullum

12 2047 59 2110 ut
80 2045 258 2111 Varronem
279 2049 310 2112 et
323 2046 500 2113 Lucretium
522 2045 720 2126 deminution,
744 2064 779 2111 sc
800 2045 906 2129 generi
927 2045 1051 2128 quidem
1072 2048 1203 2113 carmi·-

14 2177 109 2221 num
142 2156 384 2224 Catullianomm
416 2159 619 2242 plurimorum
649 2159 762 2242 optima
792 2178 827 2224 ea
857 2158 1017 2225 convenire
1038 2139 1181 2243 apparet.

15 2267 64 2332 In
83 2268 274 2334 carminibus
296 2271 466 2354 poetarum,
490 2271 628 2354 quicum
646 2270 743 2337 secuti
759 2272 840 2350 sunt,
862 2270 962 2336 rarius
975 2271 1182 2337 inveniuntur.

17 2379 91 2445 Sed
124 2380 206 2463 apud
227 2381 404 2449 Iuvenalem
433 2384 530 2449 denuo
552 2384 651 2450 multe
672 2383 820 2468 legimus,
844 2385 876 2449 et
899 2383 1079 2448 ultimorum
1100 2386 1180 2450 tem·

19 2511 143 2577 porum
165 2495 272 2576 poetae
294 2496 377 2562 haud
398 2496 489 2579 pauci
511 2496 560 2561 usi
582 2498 654 2563 sunt
674 2496 788 2562 talibus
805 2495 968 2560 verborum
989 2493 1095 2561 lormis
1118 2494 1182 2561 siue

20 2604 125 2670 docta
140 2603 313 2672 imitatione
328 2608 610 2692 antiquissimorum
625 2607 764 2690 repetitis
780 2607 844 2674 siue
855 2607 948 2690 vulgo
964 2606 1179 2673 obtinentibus.

21 2717 116 2782 Istae
140 2735 210 2783 vero
238 2718 386 2784 dictiones
409 2719 604 2802 quantumvis
626 2719 759 2787 usitatae
781 2720 813 2785 in
836 2737 972 2785 sermone
1005 2719 1123 2802 plebeio
1145 2738 1181 2785 ac

21 2829 182 2895 familiari
208 2832 311 2896 tamen
341 2851 359 2896 a
381 2833 492 2916 grandi
521 2835 552 2898 et
575 2832 657 2898 elata
679 2833 810 2899 dictione
837 2849 896 2897 non
918 2831 1020 2896 minus
1043 2832 1180 2897 veterum

24 2961 126 3024 quam
159 2945 263 3008 nostro
296 2942 518 3010 abhorruerunt
551 2945 670 3011 iudicio.
731 2945 920 3028 Quapropter
951 2943 1090 3013 Catullus
1120 2962 1180 3011 non

23 3052 136 3146 posuit
157 3052 189 3117 in
211 3050 345 3119 carmine
367 3053 571 3121 Galliambico
594 3055 654 3121 nisi
676 3055 777 3121 bisin
800 3056 973 3122 narratione
997 3053 1040 3141 (v.
1054 3055 1105 3122 35.
1125 3055 1179 3138 74)

24 3164 126 3230 metri
154 3166 335 3231 necessitate
365 3167 480 3247 victus,
512 3169 592 3252 quod
620 3170 654 3234 L.
679 3169 810 3235 Mueller
832 3167 869 3234 de
895 3185 928 3232 re
950 3167 1039 3232 metr.
1063 3183 1115 3249 pg.
1138 3168 1181 3232 36

25 3279 144 3357 censet,
167 3297 318 3362 nusquam
340 3299 410 3346 vero
432 3280 465 3346 in
487 3281 622 3348 oratione
644 3284 698 3347 aut
712 3280 798 3346 Attis
820 3282 875 3346 aut
897 3279 1038 3363 Cybelae.
1075 3278 1181 3360 Neque

25 3391 61 3458 in
79 3407 121 3468 c.
145 3392 187 3456 62
217 3390 407 3478 deminutiua
435 3391 607 3470 insanimus
634 3429 669 3438 —
694 3393 834 3476 neglecto
863 3392 918 3458 illo
945 3394 1053 3473 puello
1078 3391 1180 3456 usita-

26 3501 153 3568 tissimo
183 3537 224 3549 -
254 3505 375 3586 praeter
402 3503 459 3569 hoc
486 3505 644 3587 depellam
674 3505 714 3588 (u.
739 3503 795 3588 52)
826 3504 863 3570 de
892 3522 1012 3570 summa
1041 3502 1180 3586 palmitis

26 3615 121 3697 parte
150 3613 274 3680 dictum.
321 3614 443 3698 Optime
473 3619 575 3682 autem
606 3617 788 3684 conveniunt
809 3619 937 3683 naturae
959 3615 1103 3681 carminis
1125 3615 1178 3693 25,

27 3724 84 3791 ubi
107 3724 214 3791 formis
228 3725 293 3792 illis
309 3727 340 3792 et
355 3724 499 3794 similiter
518 3729 696 3796 sonantibus
719 3728 921 3811 pulcherrime
934 3727 1037 3794 Thalli
1060 3726 1178 3793 cinaedi

28 3833 180 3904 mollities
202 3836 380 3921 depingitur
402 3837 463 3906 sic:
941 3837 945 3844 '

206 3947 337 4016 Cinaede
359 3949 478 4028 Thalle,
502 3951 623 4017 mollior
645 3951 779 4019 cuniculi
801 3952 911 4035 capillo

205 4063 254 4130 uel
275 4065 393 4130 anseris
415 4061 584 4130 medullula
606 4061 655 4128 uel
677 4061 774 4128 imula
795 4061 950 4128 auricilla.

119 4173 221 4254 Atque
243 4175 357 4244 Catulli
379 4173 531 4258 allectiva
553 4171 742 4240 deminutiva
755 4171 932 4253 composuit
954 4173 999 4239 hl
1023 4174 1176 4257 Hauptius

901 4310 903 4314 ,
970 4296 1007 4343 3.
