2912 5168
510 369 796 479 -aa-'

21 585 104 662 stat,
134 602 251 666 quam
273 583 397 667 quidem
418 584 548 650 sormam
578 586 698 670 praeter·
720 585 866 652 Plautum
889 583 983 651 etiam
1005 581 1133 652 Ovidius
1156 587 1186 652 et

20 694 119 760 iuius
158 695 391 763 adhibuerunt.
441 698 583 764 Fortasse
612 700 664 778 68,
676 699 718 765 28
749 702 965 780 tepefacit
993 698 1188 766 scribendum·

20 809 48 872 st
83 827 153 890 pro
194 811 353 890 tepefacit
383 807 521 876 codicum
550 808 603 895 (of.
625 811 752 877 Lachm.
781 813 885 878 annot.
909 810 949 876 ad
977 811 1008 880 h.
1031 807 1095 894 1.).’
1126 809 1187 882 Sed

20 939 92 986 una
126 921 250 986 locum
285 941 355 986 cum
391 921 446 986 alii
475 922 566 988 aliter
599 923 821 990 emendandum
856 922 1051 1008 remearint,
1089 941 1186 1004 neque

19 1034 71 1098 ila
98 1033 300 1100 coniectura
329 1035 413 1099 certa
433 1035 552 1116 nitatur
573 1034 772 1114 auctoritate,
796 1035 875 1100 mihi
895 1034 1062 1119 plurimum
1084 1035 1188 1117 placet

19 1144 34 1208 i
77 1145 179 1227 quod
220 1145 372 1229 Bergkius
410 1146 533 1230 scripsit
575 1151 808 1230 tepefactet
848 1147 942 1214 etiam
975 1167 994 1214 a
1027 1147 1185 1214 Scaeuam

19 1257 204 1322 ovissima
238 1257 272 1321 in
304 1257 436 1323 editione
468 1260 633 1343 receptum.
678 1261 715 1325 In
748 1260 809 1330 fine
841 1279 952 1344 ponem
985 1260 1117 1328 futuri
1151 1259 1184 1326 ΙΙ

18 1387 161 1432 ormam
188 1368 361 1436 obsoletam
383 1389 555 1451 rcccpso
578 1371 642 1454 (44,
661 1370 714 1457 19)
739 1373 844 1439 naam
863 1391 898 1438 er
919 1371 1066 1456 primaria
1088 1368 1185 1439 futuri

18 1499 122 1544 orma
148 1500 328 1561 receptisa
352 1479 458 1566 (Nouii
480 1501 526 1566 gr.
550 1483 584 1563 L,
609 1483 642 1547 ΙΙ
663 1501 714 1566 pg.
736 1479 826 1566 427).

111 1589 325 1674 Imperativis
348 1595 416 1673 dic,
449 1595 524 1674 doc,
554 1597 629 1676 foc,
652 1597 721 1675 ser,
744 1592 797 1674 qui
819 1612 891 1658 usus
913 1592 1083 1674 frequentia
1105 1594 1182 1666 fina-

18 1724 79 1769 ‚em
105 1705 339 1787 perdiderunt,
370 1705 623 1773 aroditarum
653 1707 771 1786 inpar
801 1705 900 1784 (27,2
929 1703 1013 1770 codd.
1050 1702 1183 1787 inpare).

17 1815 142 1882 eontra
160 1836 238 1882 vero
260 1820 356 1898 face
376 1816 499 1900 integra
515 1817 615 1890 tanna
633 1817 672 1882 ab
688 1817 792 1884 adem
806 1815 925 1884 catullo
941 1815 991 1894 36,
1007 1818 1047 1884 16
1069 1815 1183 1898 scripta
1282 1823 1286 1830 '

17 1929 76 2006 est,
105 1947 213 2010 quam
235 1930 286 2008 63,
300 1931 340 1995 78
364 1931 396 1994 et
418 1929 459 1993 79
489 1932 570 1993 reete
601 1947 636 1992 ex
664 1931 721 2009 soe
742 1927 879 1992 codicum
901 1928 1102 1998 restituenrnt
1123 1927 1183 1996 nri

17 2037 116 2104 docti.
162 2040 251 2111 'Inda
278 2040 312 2104 in
341 2040 406 2105 nod.
431 2042 459 2104 D
481 2039 596 2122 legitur
617 2038 722 2118 55,ss
744 2041 915 2119 reduce,
946 2040 1025 2122 quod
1054 2039 1183 2104 tortasse

16 2151 51 2214 et
76 2151 195 2234 ipsum
217 2153 324 2235 poetae
337 2147 449 2227 ¹nostro
473 2149 626 2217 dehemus.
672 2148 732 2215 Sed
753 2169 823 2215 eum
844 2149 927 2217 locus
949 2151 1109 2235 eorruptus
1131 2150 1181 2228 sit,

18 2281 95 2328 eam
128 2263 238 2346 ipsam
264 2264 304 2328 ob
334 2283 458 2328 causam
487 2262 656 2344 scripturae
684 2260 732 2326 illi
759 2279 818 2326 non
840 2279 954 2344 magua
975 2260 1115 2332 uaria
1135 2264 1185 2332 aa
1285 2293 1288 2296 ·

20 2374 115 2440 tides.
140 2411 184 2422 «-
209 2375 283 2441 Alia
303 2376 342 2440 rie
363 2393 493 2460 syncope
515 2376 546 2439 ot
568 2393 697 2458 apocope
718 2372 781 2439 vid.
804 2373 884 2440 inira
905 2374 983 2456 part.
1008 2373 1044 2438 V.

122 2487 200 2552 Non
232 2505 355 2570 prorsus
383 2486 483 2552 torma
512 2485 682 2568 antiquiore
704 2484 848 2551 infinitivi
887 2487 919 2552 in
952 2490 1016 2552 ier
1047 2485 1182 2554 orantis

23 2617 144 2663 aureae
168 2597 282 2664 aetatis
304 2598 409 2679 poetas
432 2596 619 2661 abstinuisse
634 2597 710 2661 satis
733 2599 871 2680 probant,
895 2597 1007 2664 utalia
1030 2597 1180 2676 omittam,

29 2709 178 2791 exempla
199 2707 342 2786 Horatii,
372 2707 424 2789 qui
447 2707 579 2789 quidem,
602 2727 671 2775 oum
691 2707 726 2771 in
745 2709 861 2776 saterris
884 2711 915 2774 et
937 2707 1076 2790 epistulis
1099 2707 1181 2785 haud

26 2839 99 2885 raro
124 2819 276 2884 adhibeat
299 2822 357 2899 ier,
381 2819 484 2884 eodem
504 2819 579 2884 alibi
602 2821 695 2886 semel
717 2840 777 2887 non
799 2821 918 2903 saepius
940 2821 1038 2885 utitur
1060 2821 1091 2885 et
1113 2820 1180 2902 qui-

28 2931 99 2997 dem
133 2952 231 2998 earm.
254 2932 299 2996 IV
324 2932 405 3009 11,8
435 2935 581 3014 sporpier
610 2952 701 3013 opno.
754 2932 936 3016 Saepissime
962 2951 1032 2996 vero
1054 2931 1108 2997 iilo
1132 2935 1182 2996 ier

28 3047 165 3110 utuntur
196 3044 341 3121 Plautus,
372 3042 550 3121 Terentius,
580 3042 748 3109 Lueretius.
794 3045 957 3127 Exempla,
992 3037 1068 3126 quae
1101 3045 1180 3127 apud

30 3155 195 3222 Catullum
216 3155 358 3239 legimus,
381 3155 456 3220 haee
478 3155 550 3220 sunt
565 3154 627 3220 tria
642 3155 785 3220 carminis
808 3157 862 3222 61:
887 3176 914 3221 r.
937 3156 980 3220 42
1003 3160 1182 3220 citarier

33 3289 60 3332 v.
86 3271 130 3334 65
163 3269 472 3349 compararier,
505 3267 584 3348 quod
614 3265 748 3332 eiusdem
778 3267 922 3332 oanninis
952 3288 981 3334 v.
1007 3269 1048 3334 70
1078 3270 1109 3333 et
1138 3269 1179 3333 75

32 3380 195 3464 repetitur,
218 3398 247 3444 v.
261 3379 312 3463 68,
334 3397 395 3460 quo
415 3377 481 3453 'loco
502 3377 673 3449 ausura
696 3380 777 3444 certe
799 3378 831 3444 iu
853 3382 901 3444 iar
918 3380 1028 3447 adens
1048 3399 1069 3470 q
1091 3381 1179 3462 poete

33 3490 169 3574 scriptus
193 3489 268 3572 fuit,
293 3508 478 3574 quamquam
499 3490 533 3554 in
555 3489 645 3554 dubio
675 3492 795 3570 manet,
825 3481 930 3556 utrum
952 3494 1117 3555 vinciar
1138 3491 1180 3557 sit

34 3603 270 3682 praeterendum
293 3621 332 3666 an
354 3605 485 3666 nitier
511 3619 550 3666 an
572 3600 657 3666 aliud
679 3604 805 3668 verbum
828 3602 877 3685 (oi.
903 3602 1054 3667 Schwabii
1076 3585 1177 3668 annet.

34 3714 74 3778 ad
95 3716 128 3782 tr.
152 3736 183 3784 n.
204 3719 302 3786 nitier
316 3718 415 3793 [Pr].·
435 3718 536 3787 nitier
552 3716 606 3781 GC
619 3717 710 3792 [tr]
731 3716 850 3786 atrocior
871 3715 935 3790 DL
956 3717 1108 3794 oinctrqqr
1125 3719 1178 3795 p).

35 3827 197 3912 Poetneum
220 3828 353 3908 Δ68,141
386 3827 559 3903 nonianus
591 3829 825 3909 componier
856 3826 1031 3904 revocatum
1061 3828 1111 3906 est
1143 3846 1179 3908 tt

38 3960 223 4021 componere
245 3939 390 4010 codicum.
1067 3957 1071 3963 ⁴

123 4054 204 4118 Item
221 4052 303 4133 apud
318 4048 503 4132 antiquiores
519 4050 554 4114 ut
566 4050 742 4116 Terentium
758 4053 790 4114 ot
800 4051 975 4117 Lucretium
992 4051 1176 4133 saepissime.

38 4162 118 4243 apud
151 4165 256 4246 poetas
288 4164 390 4236 auam
421 4161 577 4234 atrurn
607 4160 797 4242 attentates
819 4161 974 4240 sensnum
1007 4162 1075 4240 tw*
1141 4163 1150 4180 '
