2912 5168
508 397 723 464 ..19-

565 577 665 664 m.

440 739 511 840 Ile
542 740 796 843 adverbio.

116 915 227 980 Haud
261 914 395 980 alienum
411 915 463 988 ‚ab
492 916 549 982 hoe
585 916 650 983 loeo
688 917 748 983 erit
783 918 928 984 adverbia
961 937 1137 1004 componere
1169 937 1188 984 a

26 1027 159 1092 lalullo
187 1046 248 1097 non
270 1028 311 1092 ad
332 1048 422 1094 usum
444 1029 655 1111 quotidianum
682 1030 876 1097 conformata
916 1031 1079 1098 Nonnullis
1101 1031 1186 1114 equi·

25 1145 95 1204 lem
120 1139 211 1204 locis
233 1141 441 1208 accusalivum
462 1143 599 1208 neutrius
621 1143 741 1226 generis
764 1146 892 1227 usurpat
912 1164 966 1227 pro
988 1143 1132 1232 adverbio
1154 1143 1186 1208 io

25 1257 123 1316 ·iter
160 1253 308 1318 exeunte:
338 1253 424 1333 42‚8
455 1261 571 1336 torpe
601 1257 763 1333 incedere,
798 1257 881 1335 61,7
917 1275 1043 1320 roooe
1073 1258 1187 1322 oleolic

25 1368 191 1443 imerici,
214 1366 264 1445 61,
276 1366 341 1432 219
364 1368 483 1431 dulce
506 1368 628 1446 rideat,
655 1367 695 1432 ad
717 1367 797 1450 quod
818 1367 898 1434 illud
918 1367 1041 1434 Horatii
1063 1386 1186 1451 compa-

25 1496 159 1542 ·amus:
189 1477 279 1540 dolce
294 1478 444 1542 ridentem
461 1479 602 1558 Lolopeo
618 1479 739 1558 amolo,
763 1480 854 1544 dolce
873 1483 1052 1562 loquentem.
1083 1478 1187 1562 Magis

25 1588 225 1654 offendimus
246 1587 280 1652 in
301 1588 444 1655 adverbio
464 1594 607 1672 peoile
632 1589 698 1676 (61,
712 1592 790 1657 178:
828 1595 955 1674 poenite
977 1594 1003 1657 L
1029 1595 1137 1673 pooile
1160 1593 1189 1655 Η

25 1705 154 1766 eeoitel
181 1701 264 1781 12¹),
298 1702 378 1782 quod
409 1702 467 1768 hoo
500 1701 563 1768 solo
593 1702 658 1768 loeo
686 1701 818 1784 legimus
847 1722 901 1785 pro
925 1706 1051 1785 peritos
1072 1703 1187 1768 mium

24 1812 164 1894 [6214
193 1830 283 1876 versu
312 1831 347 1879 ex
377 1812 440 1878 solo
470 1812 535 1878 eod.
561 1813 741 1896 i'reeepio,
773 1815 824 1892 66,
837 1814 897 1892 23;
922 1815 994 1894 102,
1007 1816 1044 1892 23
1075 1813 1126 1893 95,
1139 1811 1186 1899 5).

24 1926 97 1988 Nec
129 1924 239 1990 minus
268 1923 417 2016 notabilia
446 1925 517 1990 sunl
546 1924 691 1996 adverbia
717 1930 903 2006 puriter,
927 1926 1006 2008 quod
1033 1925 1081 1991 bis
1103 1925 1187 1990 extet

24 2037 115 2118 apud
141 2038 284 2102 nostrum
309 2034 429 2122 (7619
452 2038 484 2100 el
505 2036 557 2113 39,
574 2036 628 2100 14:
648 2040 772 2117 poriler
793 2038 849 2119 Hp
870 2040 995 2116 Μ),
1023 2035 1186 2118 aliquoties

26 2148 117 2230 apud
143 2148 357 2237 Catonemei
377 2149 620 2229 properiter
642 2147 745 2230 Frgm.
769 2147 800 2227 4,
829 2147 857 2212 si
885 2148 974 2214 modo
996 2167 1066 2213 cum
1087 2146 1187 2212 Nonio

26 2260 163 2326 Catullo
198 2259 410 2326 attribuendus
444 2261 491 2324 esi
523 2279 628 2324 versus
663 2258 714 2344 (of.
740 2259 890 2326 Schwabii
923 2262 1026 2326 annor.
1057 2259 1098 2326 ad
1130 2259 1187 2326 hoc

30 2372 163 2458 frgm.),
188 2371 356 2441 cuiusmodi
378 2370 532 2468 egiverbiis
553 2369 668 2436 lilieris
690 2373 773 2434 -iler
793 2371 968 2438 terminalis
990 2369 1105 2436 Ennius
1127 2371 1186 2442 im·

30 2485 150 2566 primis
175 2504 247 2552 usus
278 2487 345 2554 erui
366 2503 401 2548 ex
423 2502 559 2550 sermone
581 2483 703 2566 vulgari
724 2483 887 2565 usurpatis,
911 2503 988 2566 quae
1009 2483 1104 2550 Prisc.
1128 2483 1186 2549 XV

32 2617 88 2679 pg.
118 2598 206 2662 1010
229 2596 405 2679 composuii.

462 2751 771 2762 mna-nunt·-

571 2981 659 3070 IV.

300 3164 371 3264 Ile
403 3111 743 3263 decimatione
774 3161 930 3260 verbi.

129 3339 224 3425 initio
254 3356 422 3440 particulae
451 3356 488 3420 de
510 3355 595 3421 verbi
627 3352 827 3420 deelinaiione
856 3353 949 3418 liceat
970 3352 1047 3418 mihi
1079 3355 1184 3418 nolare

42 3473 186 3536 soluendi
216 3471 341 3536 verbum
371 3488 389 3534 a
417 3467 537 3534 Catullo
568 3468 615 3531 ter
637 3485 708 3530 eum
736 3485 758 3528 o
787 3463 884 3530 vocali
914 3463 1087 3529 adhibitum
1109 3484 1183 3542 esse,

42 3584 189 3649 volvendi
219 3583 345 3648 verbum
382 3582 439 3646 bis.
492 3580 574 3660 Quae
605 3577 728 3661 quidem
761 3576 800 3642 ab
834 3576 1007 3642 auctoribus
1041 3576 1183 3660 elegiacis

44 3700 164 3781 saepius
185 3697 230 3762 iia
253 3699 324 3762 sunl
346 3696 501 3778 usurpata,
536 3693 616 3759 unde
638 3693 785 3776 probatur
807 3690 900 3755 verba
921 3688 976 3752 iila
998 3709 1019 3752 o
1040 3687 1183 3754 habuisse

43 3809 178 3874 mediam
196 3809 276 3873 inler
291 3807 427 3874 vocalem
450 3807 666 3884 elesmaram,
690 3800 824 3884 antiquis
846 3800 974 3866 fortasse
996 3800 1182 3899 temporibus

45 3939 161 3986 meram
182 3921 327 3994 vocalem.
371 3917 444 3984 Loci
465 3936 535 3984 vero
558 3935 631 3998 quos
655 3915 721 3980 dieo
742 3913 810 3978 hice
833 3913 919 3979 sunl:
944 3912 1029 3991 213
1050 3917 1184 3984 rolris

46 4033 139 4112 (apud
167 4031 360 4098 sehoaoium
382 4029 418 4094 Ib
434 4032 482 4112 6),
513 4026 619 4106 6153
641 4029 821 4104 solueret,
853 4027 904 4102 66,
918 4023 958 4090 38
982 4026 1182 4104 dissoluto,

48 4143 97 4218 66,
111 4143 150 4206 74
172 4145 354 4206 eooloom
386 4151 453 4222 (pro
478 4142 583 4202 eooloe
612 4138 761 4202 librorum
790 4139 872 4202 certe
899 4134 1070 4198 coniectura
1092 4137 1182 4200 resii·

976 4256 993 4309 2
1000 4258 1015 4290 2¹
