2912 5168
151 1611 325 1691 Postquam
346 1609 463 1674 Ennius
485 1609 539 1673 ille
553 1607 681 1675 Calaber
703 1607 878 1673 hexametro
900 1607 1052 1692 dactylico
1074 1607 1213 1674 adhibito

50 1741 160 1788 novas
185 1722 278 1802 atque
299 1719 438 1804 integras
459 1720 595 1804 poeticae
606 1719 673 1786 uias
695 1720 817 1803 reperit,
841 1720 918 1786 artis
939 1720 1058 1804 priscae
1079 1721 1212 1787 rationes

50 1851 192 1919 prorsus
215 1831 402 1910 immutavit,
425 1832 618 1914 multumque
640 1831 680 1896 ad
709 1831 920 1898 invertendam
942 1835 975 1900 et
996 1833 1214 1900 stabiliendam

52 1948 166 2012 artem
184 1945 353 2010 metrorum
376 1945 468 2026 atque
484 1942 652 2009 dictionum
667 1945 940 2028 grammaticarum
962 1945 1026 2012 eius
1049 1935 1215 2014 auctoritas

52 2058 169 2124 ualere
192 2056 344 2139 coepit-
361 2055 401 2120 ad
422 2074 512 2137 quem
534 2055 669 2138 proxime
684 2057 831 2125 accedunt
845 2059 982 2126 Lucilius
998 2061 1030 2124 et
1040 2057 1148 2126 Attius
1163 2095 1212 2140 ·-,

52 2172 183 2255 poetae,
207 2168 260 2250 qui
281 2168 355 2240 inde,
373 2170 584 2252 provenerunt,
607 2169 708 2253 magis
727 2170 886 2254 magisque
908 2170 1114 2243 imitationem
1129 2169 1212 2238 anti-

55 2281 285 2365 quissimorum
308 2281 506 2346 deseruerunt
528 2299 621 2346 noves
643 2281 715 2346 illas
737 2281 830 2346 Ennii
862 2282 994 2348 rationes
1017 2282 1122 2348 secuti.
1168 2281 1213 2347 At

54 2415 73 2458 e
97 2391 266 2476 dactylicis
296 2392 412 2475 priores
441 2411 533 2475 quam
555 2391 689 2457 maxima
711 2392 760 2458 usi
781 2395 854 2459 sunt
876 2393 1075 2477 simplicitate
1096 2394 1210 2459 metro-

56 2525 146 2584 rum,
183 2523 306 2587 prorsus
339 2503 463 2586 quidem
496 2505 668 2570 constantes
701 2504 750 2569 illi
786 2504 820 2570 in
851 2504 975 2588 placitis
1004 2505 1106 2570 Ennii.
1151 2505 1210 2572 Sed

56 2616 114 2700 qui
145 2615 219 2680 inde
241 2635 260 2680 a
282 2615 385 2681 Sullae
412 2615 511 2680 morte
533 2617 605 2681 sunt
634 2617 729 2682 exorti
759 2635 829 2682 cum
860 2617 1045 2683 multiformi
1067 2602 1210 2684 studuere

57 2727 281 2794 numerositati
302 2730 369 2794 tum
390 2727 524 2810 leporem
539 2729 571 2794 et
586 2728 772 2812 elegantiam
785 2728 929 2795 addidere
950 2729 1079 2795 carmini
1089 2730 1208 2810 Latino,

57 2840 107 2907 ita
130 2842 169 2906 ut
191 2839 305 2906 sensim
326 2859 344 2904 a
366 2838 502 2922 priorum
523 2838 722 2923 simplicitate
744 2842 785 2920 et,
807 2842 843 2907 ut
864 2840 910 2906 ita
932 2840 1041 2920 dicam,
1064 2840 1209 2921 ruditate,

59 2973 151 3037 quae,
176 2973 246 3020 cum
267 2953 300 3018 in
315 2953 420 3019 Plauti
442 2954 474 3019 et
488 2949 624 3017 Terentii
645 2949 758 3016 fabulis
779 2949 864 3032 insit,
886 2970 984 3033 neque
1006 2951 1155 3018 abllnnio
1178 2955 1209 3019 et

59 3066 294 3150 insequentibus
316 3084 440 3149 prorsus
462 3065 557 3143 abest,
580 3062 730 3129 transitus
753 3063 795 3129 sit
816 3062 916 3128 factus
938 3063 978 3127 ad
993 3062 1209 3146 perfectionem

59 3179 161 3260 artis,
192 3196 269 3259 quae
298 3177 337 3242 ab
359 3175 496 3261 Augusti
525 3173 596 3240 iude
625 3175 726 3241 aetate
753 3173 895 3240 obtinuit.
938 3175 1047 3259 Itaque
1068 3195 1129 3242 non
1151 3175 1211 3244 orit

60 3290 189 3369 mirum,
211 3289 374 3372 ambiguos
396 3306 461 3354 esse
482 3287 645 3370 aliquando
668 3285 825 3353 etmedios
838 3285 986 3352 Laeuium
1007 3288 1039 3354 et
1053 3285 1209 3355 caufflun

60 3423 136 3469 curn
165 3401 343 3486 aequalibus
373 3399 453 3466 inter
474 3398 589 3483 placita
618 3399 773 3478 veterum,
803 3417 880 3482 quae
907 3398 1148 3481 damnabantur,
1177 3402 1209 3467 et

62 3533 217 3582 novarum
239 3513 392 3579 rationum
414 3510 542 3593 nouique
564 3510 665 3578 cultus
688 3510 879 3579 dulcedinem
900 3511 948 3596 (li.
964 3511 1096 3578 Mueller
1117 3511 1155 3579 dc
1176 3530 1209 3577 re

63 3629 157 3693 metr.
179 3643 232 3710 pg.
256 3625 321 3708 74).

153 3737 192 3804 Id
213 3757 301 3818 vero,
329 3734 519 3820 quodmodo
541 3734 620 3815 dixi,
643 3752 703 3800 non
725 3733 824 3800 solum
845 3735 929 3802 ualet
950 3729 984 3800 in
1006 3735 1121 3804 catuli
1142 3738 1209 3803 arte

64 3851 194 3917 metrica
217 3849 269 3916 sed
291 3848 386 3916 etiam
407 3847 439 3913 iu
462 3845 593 3932 singulis
607 3846 770 3912 verborum
791 3847 908 3929 fonnis,
931 3867 1060 3932 quarum
1081 3849 1206 3928 multae,

65 3982 253 4046 quamquam
274 3963 365 4045 poeta
386 3961 418 4026 in
440 3959 617 4026 universum
639 3959 807 4026 dictionum
833 3961 1025 4028 venustatem
1046 3979 1083 4026 ac
1103 3961 1208 4028 mode·

66 4074 161 4140 stiam
171 4075 254 4140 haud
265 4074 354 4157 parvi
366 4074 519 4153 aestimat,
531 4072 570 4138 ad
584 4071 790 4154 antiquiorum
800 4072 916 4156 placita
926 4072 1071 4139 recedunt
1081 4091 1099 4138 a
1110 4073 1208 4156 poetis

65 4185 148 4267 illis,
178 4186 231 4270 qui
251 4185 387 4270 Augusti
415 4188 550 4272 tempore
572 4184 728 4267 vixerunt,
758 4183 866 4252 aliena
911 4186 956 4251 At
977 4184 1148 4254 accuratius
1170 4184 1208 4256 de
