2912 5168
523 405 732 470 ...39-

110 579 260 660 pusillus
288 578 345 642 bis
368 577 496 661 (Haupt.
521 577 603 656 om),

112 689 204 768 27,1
230 691 383 766 ecculm

113 805 194 880 tum,
222 821 368 884 qnorum
391 805 480 886 paulo
504 804 624 868 diversa
647 803 726 866 ratio
749 807 804 878 cst,

111 914 229 992 61,13
256 917 405 979 tinnulus
427 917 466 989 et,
491 914 569 996 quud
593 915 705 996 septies
729 913 806 978 dixit
829 917 927 996 poeta,

112 1028 292 1092 tremulus.

113 1138 152 1200 In
177 1137 308 1221 fragm.
334 1139 368 1216 4,
396 1140 422 1202 si
451 1139 539 1203 modo
567 1137 784 1214 Catullianuru,
809 1139 882 1202 haec
910 1138 1056 1201 habemus
1078 1137 1198 1218 praeter

25 1251 80 1313 illa
104 1251 337 1316 deminutiva:

115 1366 273 1428 animula
300 1363 399 1429 subst.
423 1366 454 1428 et

116 1479 305 1539 micernius
328 1474 389 1540 adi.
435 1474 494 1540 Sed
526 1493 630 1540 versus
652 1473 763 1541 Sereno
794 1473 979 1540 adscribitur
1001 1493 1020 1538 a
1041 1474 1198 1541 Diomede.

115 1587 191 1651 Non
217 1587 330 1652 minus
354 1606 446 1669 quam
468 1586 539 1651 illas
563 1587 622 1652 erit
637 1606 745 1671 operae
766 1586 898 1670 pretium
921 1605 1098 1670 componere
1112 1605 1198 1652 rocos

28 1700 117 1779 alias,
131 1720 216 1784 quas
234 1702 333 1784 poeta
344 1700 513 1782 usurpauit,
530 1718 615 1764 roras
630 1719 739 1784 easque
750 1701 910 1778 obsoletae,
927 1699 998 1765 iude
1013 1719 1197 1778 enumcrare,

30 1811 142 1892 quibus
176 1833 260 1879 usus
294 1813 336 1879 sit
366 1813 521 1879 vocabulis
550 1811 674 1878 Graecis
706 1816 737 1879 et
767 1833 843 1896 quae
872 1813 937 1896 ipse
960 1831 1037 1878 noua
1059 1811 1198 1876 videatur

30 1919 201 2004 invenisse,
229 1925 366 2008 denique
388 1925 488 2008 quoad
509 1925 542 1990 in
564 1924 773 1991 construendis
796 1924 859 1990 illis
882 1925 921 1990 ab
944 1943 1000 1988 usu
1024 1923 1199 2006 quotidiano

32 2035 167 2102 recedat
220 2038 302 2104 Alia
333 2041 364 2104 et
397 2038 486 2121 plane
516 2037 637 2104 diversa
659 2036 796 2121 quaestio
819 2036 878 2101 crit
900 2036 937 2102 de
959 2056 992 2101 re
1014 2036 1198 2120 prosodiaca,

33 2147 119 2212 cuins
152 2168 258 2234 supra
292 2149 379 2234 qnasi
407 2150 594 2236 praeteriens
616 2147 771 2216 occasione
793 2148 897 2214 oblata
920 2149 1103 2214 mentionem
1130 2145 1198 2228 feci,

36 2261 65 2322 et
88 2263 230 2330 metrica
256 2283 290 2330 re
313 2263 437 2330 Catulli.
473 2262 576 2347 Atque
598 2281 633 2328 ea
656 2261 686 2326 in
711 2279 743 2326 ro
766 2259 866 2344 magis
888 2259 983 2325 otiam
1005 2259 1083 2325 illud
1105 2278 1199 2343 appa·

37 2372 126 2451 nebit,
154 2377 245 2459 quod
269 2376 333 2442 iam
355 2379 427 2442 ante
450 2374 652 2441 indicavimus
675 2376 707 2440 et
728 2373 831 2456 aliqua
854 2392 889 2438 er
910 2373 1199 2456 partedemonstra·

39 2483 159 2566 rimus,
193 2488 283 2555 inter
314 2489 429 2571 placita
461 2491 596 2554 veterum
628 2487 815 2572 tragicorum
838 2488 869 2551 et
890 2484 974 2568 leges
998 2503 1099 2563 noves,
1123 2502 1197 2568 quas

38 2597 157 2665 Ennius
183 2601 309 2682 sanxit,
344 2601 499 2668 Catullum
530 2600 617 2684 quasi
638 2599 772 2664 medium
803 2617 877 2663 esse.
926 2596 971 2663 At
1001 2597 1034 2662 id
1063 2595 1089 2662 si
1118 2615 1199 2662 nunc

40 2712 246 2797 susciperem,
271 2713 395 2781 modum
418 2714 488 2779 hnic
511 2713 614 2778 libello
637 2712 787 2778 tributum
818 2728 878 2775 non
908 2727 1069 2774 servarem.
1115 2706 1197 2788 Qua-

40 2830 166 2910 propter
191 2831 222 2897 si
246 2830 312 2909 illo,
337 2828 494 2912 dequibus
518 2827 640 2893 uberius
664 2824 780 2910 scripsi,
806 2823 881 2888 viris
897 2821 994 2888 doctis
1015 2819 1195 2903 placuerint,

42 2938 137 3006 etiam
163 2944 204 3009 de
228 2943 288 3021 his,
313 2961 389 3024 quae
411 2942 499 3007 modo
522 2940 593 3016 diri,
616 2943 685 3024 post
707 2941 847 3002 accurate
870 2934 1026 2998 disseram.
