2912 5168
312 627 426 696 terune
455 623 594 692 oriuntur
616 642 651 688 er
678 631 747 686 rese
776 623 808 686 et
830 621 974 700 uidesne,
998 635 1124 702 qnorum
1147 615 1309 704 posterior
1334 617 1416 682 etiarn:

313 739 504 812 roeisoides
526 735 640 808 emisit.
686 735 733 804 Ao
761 736 895 822 primum
918 733 1040 817 quidem
1062 732 1156 798 niden
1178 730 1257 796 illud
1287 749 1362 796 cum
1382 749 1416 812 sp

312 850 498 935 antiquiores
519 852 555 918 ut
576 851 723 918 Plautum
744 851 775 916 et
798 847 976 916 Terentium
997 843 1175 930 saepissime
1195 843 1292 910 nobis
1311 843 1407 910 ebron*

312 964 393 1050 apud
420 965 541 1048 poetes,
569 965 621 1049 qui
652 962 808 1030 caunum
837 961 932 1028 seouti
955 961 1039 1038 sunt,
1062 955 1219 1024 rarissime
1241 957 1382 1041 legimns
1401 957 1412 1027 1‘

313 1077 405 1160 Verg.
436 1075 511 1144 Aen.
544 1076 588 1144 VI
617 1076 690 1144 780.
735 1074 849 1140 Tibull.
880 1069 1049 1154 Π1,25).
1102 1069 1244 1138 Ostnllus
1276 1073 1319 1136 nt
1346 1071 1417 1144 metiw

312 1186 371 1256 iter
393 1205 443 1252 sos
463 1188 512 1258 ter
534 1185 611 1254 illud
633 1183 807 1269 usurpavit:
831 1185 884 1262 61,
897 1184 936 1250 77
960 1186 993 1251 et
1013 1183 1071 1260 98;
1094 1181 1145 1262 62,
1158 1183 1197 1260 8;
1221 1181 1283 1262 bis,
1311 1185 1348 1248 ut
1369 1181 1417 1245 otiu

313 1298 393 1382 opud
415 1298 507 1381 Verg.
530 1299 562 1365 ot
584 1297 708 1376 tibull,
732 1298 938 1380 sequentem,
961 1295 1041 1379 quod
1063 1297 1095 1362 et
1116 1295 1167 1374 61,
1181 1295 1223 1362 98
1247 1294 1283 1360 in
1308 1295 1417 1360 oodioito

313 1409 409 1488 inest,
440 1410 497 1478 hoo
523 1429 594 1476 vero
624 1409 690 1476 loeo
719 1408 893 1475 delendum.
952 1409 1018 1476 Nee
1047 1405 1148 1472 minus
1178 1415 1250 1486 rus,
1282 1417 1356 1481 ree,
1383 1411 1401 1468 o·

315 1521 395 1606 apud
418 1520 605 1604 antiquiores
620 1521 653 1586 in
667 1541 725 1590 usn
739 1524 820 1600 sunt,
844 1521 1002 1604 exquibus
1025 1537 1083 1584 uno
1105 1517 1160 1584 illo
1183 1527 1235 1582 reo
1257 1517 1311 1583 bis
1324 1409 1418 1598 Catuli

313 1653 386 1700 nens
415 1635 478 1698 est:
507 1633 593 1712 43,6
623 1641 674 1698 res
700 1635 867 1715 provincio
888 1640 1000 1696 nuno!
1031 1633 1266 1702 essebonum?
1298 1635 1333 1696 et
1354 1631 1397 1708 55,
1410 1601 1418 1692 i

314 1754 400 1822 tento
422 1754 473 1812 teo
493 1748 581 1827 fusis
602 1765 711 1827 mque,
734 1749 858 1812 omine?
880 1744 972 1830 (quod
993 1763 1063 1812 oum
1078 1745 1199 1812 nureo
1221 1743 1352 1810 videtur
1372 1741 1418 1808 reu

313 1858 461 1924 tuendum
482 1877 547 1924 esse
569 1877 624 1941 pro
646 1866 676 1922 te
696 1855 755 1944 is).

401 1969 519 2036 Littera
540 1987 713 2036 oonsone
742 1969 817 2036 elisa
838 1971 886 2038 est
907 1969 998 2036 metri
1020 1987 1110 2036 oense
1132 1969 1164 2034 in
1186 1969 1242 2034 illo
1268 1977 1419 2084 tppnerq

315 2101 340 2148 o.
356 2081 440 2160 63,ss
463 2080 528 2146 ot9
550 2099 570 2146 e
591 2079 746 2164 Scaligero
768 2083 850 2147 route
872 2101 927 2165 pro
949 2091 1122 2165 tympanum
1143 2083 1284 2148 codicum
1309 2095 1419 2154 revoouq

316 2195 385 2260 Non
413 2191 515 2258 minus
543 2193 626 2258 oerte
655 2193 808 2260 mentione
837 2194 965 2278 dignum
995 2197 1058 2276 est,
1090 2195 1169 2278 quod
1191 2195 1338 2262 Catullus
1359 2206 1419 2260 noso

316 2325 370 2389 per
400 2324 552 2388 apocopen
581 2305 664 2372 elisit
693 2327 710 2369 s
739 2304 861 2370 finalem
890 2305 1028 2372 litteram
1057 2305 1142 2372 verbi
1165 2307 1288 2370 dotis
1312 2307 1394 2390 (116,
1403 2308 1419 2374 e

316 2418 673 2501 quodnonminnsoorte
684 2416 855 2484 coniectura
871 2435 964 2499 qnam
987 2426 1131 2500 typorum
1152 2417 1239 2496 illud,
1264 2437 1303 2482 ne
1328 2421 1419 2482 metm

316 2528 462 2607 violetur,
493 2529 693 2612 assequimur.
737 2529 851 2596 Eodem
880 2527 970 2594 modo
996 2527 1419 2610 fortsss0107‚7·muqipr

316 2643 419 2722 mepte
440 2640 633 2708 scribendum
655 2643 711 2719 est,
733 2641 779 2706 ita
800 2642 836 2706 ut
858 2640 890 2704 hi
913 2639 1047 2706 evadant
1068 2657 1189 2705 uersus:

433 2821 436 2828 ,
488 2751 556 2834 quis
578 2771 627 2818 mo
649 2771 707 2816 nno
729 2751 807 2816 vivit
828 2750 953 2830 felicior,
977 2753 1031 2816 unt
1051 2754 1137 2832 mapa·
1157 2769 1207 2822 me
1230 2769 1295 2818 esse

447 2882 449 2886 ·
488 2863 639 2946 optandus
661 2863 727 2930 vitu
748 2862 847 2928 dioere
870 2862 937 2946 quis
959 2865 1094 2948 poterit?

316 2974 397 3059 qnod
426 2973 540 3059 Hepsio
570 2974 723 3040 debemus.
775 2975 888 3040 Utrum
916 2977 1072 3058 probando
1108 2976 1150 3042 sit
1186 2976 1289 3054 23,27
1328 2975 1420 3058 Bergt*

317 3085 503 3166 oonieoturuq
532 3084 584 3169 qui
605 3104 660 3169 pro
688 3089 768 3150 rotis
791 3087 900 3150 beator
923 3087 1031 3155 soribit
1056 3092 1137 3154 sotis
1160 3090 1322 3153 teato'r
1351 3089 1420 3154 litter

317 3201 452 3267 extreme
473 3199 555 3269 voois
579 3200 690 3264 beatos
713 3197 827 3276 delete,
849 3217 958 3279 neone,
981 3219 1017 3266 ee
1039 3199 1076 3266 de
1098 3220 1131 3266 re
1152 3218 1231 3264 nuno
1252 3199 1372 3266 uberius
1394 3219 1420 3262 no

318 3311 496 3394 disputabo3
528 3310 667 3394 equidem
689 3329 747 3394 ego
767 3311 955 3395 probandam
978 3329 1093 3377 censeo.
1138 3310 1197 3376 Sed
1220 3309 1340 3378 etiamsi
1361 3329 1420 3376 unu

317 3427 439 3494 tantum
459 3424 537 3490 illud
559 3425 746 3508 exemplum,
776 3421 855 3504 quod
881 3424 928 3487 est
950 3423 1064 3500 dubi,
1086 3439 1141 3504 pro
1163 3423 1245 3487 oerto
1266 3421 1297 3486 iu
1317 3423 1420 3488 medin

319 3537 453 3622 proferre
475 3555 651 3620 possumus,
684 3537 788 3601 tamen
810 3533 843 3598 id
865 3552 959 3598 unum
980 3535 1113 3600 testetur
1135 3534 1288 3606 Catullum
1308 3555 1344 3600 ea
1365 3537 1420 3600 inr

318 3668 408 3722 usum
436 3649 595 3731 poetarum
616 3647 824 3729 antiquiorum
846 3647 984 3712 secutum
1007 3665 1088 3725 esse,
1111 3645 1196 3712 ouius
1219 3647 1349 3730 exempla
1370 3667 1419 3730 epu

774 447 985 516 ..23-

188 3752 190 3756 ’
318 3759 480 3842 scriptores
513 3777 622 3826 aureae
655 3759 765 3826 aetatis
798 3777 949 3842 nusquam
976 3757 1173 3825 inveniuntur
1197 3756 1247 3845 (ef.
1271 3761 1301 3826 t.
1321 3759 1420 3824 Muellu

319 3872 356 3936 de
376 3891 411 3938 re
431 3873 521 3937 metr.
544 3892 595 3957 pg.
619 3872 684 3938 344
706 3874 737 3941 ot
759 3871 846 3955 345).

406 3985 530 4049 Aretius
554 4004 623 4049 oum
652 3984 716 4049 illis
744 3984 817 4062 hoo,
849 3985 927 4067 qnod
960 3984 1023 4048 iem
1054 3984 1208 4067 seqnitur,
1238 3984 1310 4048 mihi
1330 3986 1420 4050 videtu

320 4097 496 4177 cohaerere,
528 4097 607 4178 qnod
636 4096 703 4162 ideo
732 4096 771 4161 iis
801 4097 924 4163 subieoi.
979 4097 1105 4180 Saepius
1136 4096 1215 4179 opud
1238 4097 1365 4160 nostrum
1397 4099 1420 4160 in

320 4209 458 4278 uenimus
480 4210 538 4278 hoo
557 4219 726 4290 quasue,
756 4208 835 4298 quod
863 4209 995 4296 quidem
1016 4208 1111 4275 etiem
1132 4207 1225 4292 apud.¹
1246 4209 1339 4291 Verg„
1360 4211 1420 4274 Hor.
