2912 5168
482 425 695 499 -13-

8 639 17 681 ι
47 615 228 682 librorum
249 611 358 679 scribis
380 609 423 676 sit
443 606 649 685 tribuendum,
672 623 741 670 cum
752 599 936 669 Buechelero
957 597 980 665 l.
992 598 1015 662 l.
1038 578 1176 662 aucterc'

8 729 112 794 lium
143 725 360 793 vocabulorum
382 721 549 789 accusativi
578 719 610 784 in
633 721 663 782 ie
684 716 718 781 in
739 711 864 798 optimis
886 711 918 776 et
939 706 1161 791 antiquioribus

8 838 264 924 scriptionibus
295 856 355 902 non
384 832 595 910 invenientur,
625 829 678 912 qui
708 827 831 911 quidem
860 823 893 888 in
914 820 1162 906 inscriptionibus

8 951 168 1019 ferioris
190 949 356 1016 latinitatis
379 950 410 1014 et
431 947 464 1011 in
486 944 574 1010 libris
596 938 834 1023 manuscriptis
856 936 977 1021 saepius
998 933 1086 1000 nobis
1107 932 1162 998 ob·-

8 1066 148 1134 rniunt.
187 1065 231 1130 Ut
246 1081 317 1128 vero
339 1061 429 1139 locos,
453 1057 562 1141 quibus
585 1057 718 1120 beminis
738 1052 818 1118 illud
838 1049 1002 1129 inuenitur,
1025 1047 1161 1124 efferam,

8 1199 14 1240 r
44 1177 161 1241 suntr
187 1174 219 1258 1)
241 1173 274 1237 in
292 1171 385 1238 titulo
406 1167 544 1236 libertini
566 1166 705 1234 (laeseris
727 1164 823 1232 aetati
844 1162 1005 1230 tribuendo
1029 1158 1075 1246 (e.
1088 1159 1114 1224 l
1126 1159 1162 1228 lc

8 1287 201 1368 n.1027);
235 1284 270 1371 2)
295 1281 564 1368 apudl'erdndr.
588 1280 619 1359 4,
642 1279 727 1358 212
749 1276 849 1343 Nonio
871 1279 993 1340 auctore
1014 1289 1066 1356 pg.
1083 1270 1161 1348 2523

8 1421 73 1467 uae
102 1399 240 1482 quidem
261 1397 413 1480 scriptum
427 1395 461 1458 in
482 1391 634 1459 codicibus
655 1387 887 1470 manuscriptis
909 1385 1038 1469 exempli
1060 1382 1163 1468 gratia

8 1515 80 1580 rest
107 1510 274 1577 Plautinis
308 1507 389 1592 (Mil.
412 1506 490 1590 glor.
514 1505 594 1570 660:
630 1503 690 1566 lrir
720 1503 881 1579 bominis).
932 1498 1036 1581 Atque
1071 1495 1162 1575 idem,

8 1625 81 1690 uod
119 1624 166 1688 de
194 1623 326 1687 bominis
354 1619 452 1685 forme
481 1615 560 1695 dixi,
575 1692 578 1700 ‚
592 1614 676 1680 valet
697 1613 735 1678 do
758 1615 934 1679 libidinis
956 1610 1083 1689 (sum,
1105 1627 1164 1691 quo

8 1756 63 1804 roo
94 1739 125 1801 L
138 1737 174 1798 11
181 1735 229 1816 dp
252 1734 402 1798 libidines
423 1725 563 1814 habent).
608 1726 718 1808 Itaque
739 1727 844 1791 utrum
872 1724 906 1789 in
927 1724 966 1790 iis
996 1742 1073 1807 quae
1102 1719 1165 1788 dixi

8 1844 175 1914 ‘ocabulis
198 1846 305 1928 poetae
326 1843 429 1908 nostro
451 1843 481 1904 ir
503 1840 545 1906 sit
567 1837 779 1917 tribuendum,
810 1837 936 1920 ideoque
964 1835 1047 1901 idem
1068 1835 1164 1902 etiam

8 1959 75 2024 liis
109 1956 194 2023 locis
224 1955 267 2021 sit
288 1953 527 2032 restituendum,
557 1970 597 2017 au
626 1949 691 2016 illia
723 1949 799 2032 ipsis
828 1948 904 2014 locis
927 1951 976 2013 eir
997 1945 1162 2030 scripserit,

8 2071 87 2152 quod
114 2067 243 2134 saeculo
264 2067 326 2132 fere
349 2064 479 2149 septimo
500 2083 555 2147 pro
577 2067 607 2128 ir
628 2065 660 2129 et
673 2061 758 2145 prius
780 2079 873 2144 quam
894 2061 952 2126 hoc
963 2059 1163 2140 scribebatur,

8 2203 38 2248 rc
63 2183 107 2246 de
133 2199 171 2244 re
193 2198 273 2244 nunc
293 2177 372 2242 nihil
394 2177 563 2244 discernere
584 2193 753 2258 possumus.
777 2174 860 2240 Satis
880 2173 974 2238 hebui
996 2173 1078 2240 locos
1099 2173 1164 2239 sin·

8 2293 111 2377 gulos,
139 2290 252 2374 quibus
275 2293 305 2354 ir
326 2289 405 2356 illud
426 2289 568 2372 legimus,
591 2306 779 2372 componere.

100 2402 252 2469 Adiciam
272 2401 306 2466 iu
327 2401 388 2466 fine
409 2400 628 2484 disputationis
650 2401 688 2466 de
709 2398 867 2465 nominum
888 2396 1009 2463 casibus
1032 2395 1164 2462 Graecus

8 2517 150 2595 formas,
175 2514 283 2598 quibus
296 2512 434 2580 Catullus
456 2532 529 2578 usus
552 2514 610 2593 est,
632 2531 728 2597 pauca
749 2512 834 2596 prius
855 2510 1011 2595 praefatus
1033 2509 1071 2574 de
1092 2507 1162 2573 uni·

9 2629 133 2709 versis,
159 2646 237 2711 quae
262 2626 394 2711 legimus
417 2625 498 2710 apud
519 2627 554 2690 L.
577 2625 763 2690 Muellerum
785 2622 837 2711 (dc
858 2643 892 2690 re
913 2624 1002 2691 metr.
1025 2639 1079 2705 pg.
1101 2621 1163 2688 387

10 2743 42 2806 et
65 2739 169 2824 388):
196 2739 316 2822 ‚Igitur
338 2757 407 2804 cum
428 2736 631 2803 uetustissimi
652 2739 790 2804 auctores
812 2754 881 2803 raro
902 2734 1043 2801 flexiones
1066 2735 1166 2799 exter-

11 2853 149 2936 nigenas
183 2849 488 2935 absumpsissent-
515 2848 567 2932 qui
597 2850 629 2914 et
656 2849 735 2914 illud
766 2848 855 2916 vuldo
877 2850 1048 2929 .cmamnt‚
1071 2847 1166 2914 decli·

12 2963 178 3030 nationem
199 2961 348 3029 Graecam
369 2980 424 3046 per
444 2960 661 3044 metaplasmos
682 2961 830 3045 adaptare
850 2960 897 3028 ori
907 2959 1017 3027 Latium
1032 2995 1080 3040 -‚
1102 2959 1166 3024 iem

12 3075 52 3139 ab
77 3074 167 3140 Attii
188 3073 259 3140 inde
281 3074 435 3139 etLuoilii
456 3076 592 3159 tempore
613 3072 715 3138 minus
737 3072 875 3140 versibus
897 3076 933 3140 ut
953 3071 1167 3140 subveniretur

13 3205 111 3268 quem
155 3186 304 3253 iaetantia
344 3185 514 3253 studiorum
550 3185 640 3251 valde
680 3185 896 3252 increbuerunt
936 3184 1166 3253 terminationes

15 3297 166 3380 Graecae,
189 3299 269 3381 quod
290 3298 430 3366 etVerro
451 3298 585 3363 testatur
605 3296 639 3362 in
660 3296 740 3364 libro
762 3298 799 3363 de
820 3297 928 3382 lingua
948 3296 1101 3364 LatiueX
1115 3323 1164 3362 -a

15 3407 62 3476 tt
84 3409 245 3494 Vergilius
270 3429 340 3476 cum
368 3409 558 3476 consortibus
580 3408 751 3476 studiorum
773 3409 901 3475 abiectis
922 3411 977 3475 cut
999 3409 1038 3476 ed
1067 3407 1166 3474 modi-

18 3539 90 3586 cum
112 3541 205 3588 usum
225 3521 357 3588 redactis
379 3521 557 3587 flexionibus
578 3521 761 3604 quibusdam
790 3521 921 3588 externis
943 3521 1021 3588 alius
1043 3521 1165 3609 proprio

18 3633 159 3718 exemplo
181 3652 251 3699 cum
273 3633 430 3713 sanxisset,
453 3633 645 3718 insequentes
666 3653 763 3718 pauca
784 3653 880 3719 neque
903 3654 939 3702 ea
953 3633 1167 3720 marianoru-

21 3763 101 3812 uere.
132 3748 298 3814 Praeterea
312 3745 528 3830 dignissimum
550 3747 598 3812 est
619 3747 766 3813 memorie
787 3748 875 3826 illud,
897 3748 1058 3815 verborum
1069 3748 1166 3816 Grae-

23 3875 137 3940 corum,
161 3859 188 3924 si
203 3858 325 3942 propria
339 3861 393 3925 aut
408 3858 547 3925 technica
563 3859 723 3946 exceperis,
747 3859 868 3928 omnino
883 3860 1003 3946 copiam
1017 3860 1164 3927 maiorem

24 3987 117 4049 quam
147 3970 228 4055 apud
256 3971 436 4038 recentiores
465 3972 597 4037 inueniri
626 3972 716 4040 libris
737 3991 856 4053 eorum,
878 3971 919 4039 ad
940 3973 1032 4041 tinem
1053 3971 1167 4038 saeculi

26 4099 52 4145 e.
76 4101 106 4147 u.
130 4100 155 4148 c.
179 4080 302 4165 septimi
330 4082 383 4166 qui
412 4082 523 4150 uixere.
567 4084 609 4150 nt
636 4085 694 4151 hoc
715 4084 838 4167 quidem
860 4085 976 4169 partim
997 4083 1167 4152 communis

27 4194 172 4259 sermonis
201 4214 257 4260 usu
285 4195 401 4279 partim
422 4195 569 4264 iaetantia
599 4197 700 4264 evenit
722 4196 921 4265 studiorum
978 4197 1112 4280 Quorum
1134 4196 1166 4262 iu
